83431593,2073.89000000,0.00330000,91945554,91945554,1704067203414,False,True
83431594,2073.90000000,0.00870000,91945555,91945555,1704067204496,False,True
83431595,2073.89000000,0.10060000,91945556,91945557,1704067211507,True,True
83431596,2073.73000000,0.06620000,91945558,91945558,1704067212963,True,True
83431597,2073.71000000,0.50000000,91945559,91945559,1704067212964,True,True
83431598,2073.36000000,0.00890000,91945560,91945560,1704067215192,False,True
83431599,2073.36000000,0.00400000,91945561,91945561,1704067215447,False,True
83431600,2073.33000000,0.00460000,91945562,91945562,1704067215674,False,True
83431601,2073.75000000,0.10000000,91945563,91945563,1704067231726,False,True
83431602,2073.76000000,0.47670000,91945564,91945564,1704067231726,False,True
83431603,2073.76000000,0.06190000,91945565,91945565,1704067231765,False,True
83431604,2073.76000000,0.44250000,91945566,91945566,1704067231765,False,True
83431605,2073.76000000,0.31010000,91945567,91945567,1704067231765,False,True
83431606,2073.76000000,2.13820000,91945568,91945568,1704067231826,False,True
83431607,2073.76000000,0.21160000,91945569,91945569,1704067231842,False,True
83431608,2074.41000000,0.00900000,91945570,91945570,1704067232023,False,True
83431609,2074.68000000,0.01300000,91945571,91945571,1704067239336,True,True
83431610,2074.67000000,0.03690000,91945572,91945572,1704067239672,True,True
83431611,2074.64000000,0.10100000,91945573,91945573,1704067239672,True,True
83431612,2074.63000000,0.01910000,91945574,91945574,1704067240491,True,True
83431613,2074.62000000,0.50000000,91945575,91945575,1704067240491,True,True
83431614,2074.36000000,0.01910000,91945576,91945576,1704067242221,True,True
83431615,2074.31000000,0.00870000,91945577,91945577,1704067253930,False,True
83431616,2074.24000000,0.00440000,91945578,91945578,1704067269737,False,True
83431617,2074.25000000,0.10000000,91945579,91945579,1704067269737,False,True
83431618,2074.26000000,0.45170000,91945580,91945580,1704067269737,False,True
83431619,2075.05000000,0.04290000,91945581,91945581,1704067277225,False,True
83431620,2074.59000000,0.10000000,91945582,91945582,1704067295348,False,True
83431621,2074.96000000,0.07490000,91945583,91945583,1704067295862,False,True
83431622,2074.96000000,0.03570000,91945584,91945584,1704067295873,False,True
83431623,2075.20000000,0.00690000,91945585,91945585,1704067308696,False,True
83431624,2075.20000000,1.10390000,91945586,91945587,1704067308696,False,True
83431625,2075.99000000,0.10090000,91945588,91945588,1704067308696,False,True
83431626,2076.00000000,6.00000000,91945589,91945589,1704067308696,False,True
83431627,2076.01000000,1.12590000,91945590,91945590,1704067308696,False,True
83431628,2076.03000000,0.10430000,91945591,91945591,1704067308696,False,True
83431629,2075.62000000,0.00670000,91945592,91945592,1704067320578,True,True
83431630,2075.63000000,0.10000000,91945593,91945593,1704067332662,False,True
83431631,2075.71000000,0.01310000,91945594,91945594,1704067347565,True,True
83431632,2075.70000000,0.01810000,91945595,91945595,1704067347565,True,True
83431633,2075.68000000,0.16910000,91945596,91945596,1704067347565,True,True
83431634,2075.63000000,0.06800000,91945597,91945597,1704067347565,True,True
83431635,2075.57000000,0.10030000,91945598,91945598,1704067347565,True,True
83431636,2075.56000000,0.67960000,91945599,91945599,1704067347565,True,True
83431637,2075.95000000,0.01310000,91945600,91945600,1704067359024,False,True
83431638,2075.96000000,0.08750000,91945601,91945601,1704067359139,False,True
83431639,2076.15000000,0.01310000,91945602,91945602,1704067383782,True,True
83431640,2076.14000000,0.05280000,91945603,91945603,1704067383782,True,True
83431641,2076.12000000,0.93510000,91945604,91945606,1704067383782,True,True
83431642,2076.11000000,0.04720000,91945607,91945607,1704067383782,True,True
83431643,2076.89000000,0.08750000,91945608,91945608,1704067410778,False,True
83431644,2076.90000000,0.01310000,91945609,91945609,1704067410778,False,True
83431645,2076.94000000,0.05780000,91945610,91945610,1704067410778,False,True
83431646,2077.60000000,0.08750000,91945611,91945611,1704067416844,False,True
83431647,2077.61000000,0.00720000,91945612,91945612,1704067416844,False,True
83431648,2077.62000000,0.33120000,91945613,91945613,1704067416926,False,True
83431649,2077.62000000,0.66870000,91945614,91945614,1704067417036,False,True
83431650,2077.62000000,0.00010000,91945615,91945615,1704067419031,False,True
83431651,2077.91000000,0.10050000,91945616,91945617,1704067440847,True,True
83431652,2077.78000000,0.11860000,91945618,91945619,1704067440847,True,True
83431653,2077.92000000,0.01310000,91945620,91945620,1704067442069,False,True
83431654,2078.10000000,0.01950000,91945621,91945621,1704067444117,False,True
83431655,2078.11000000,0.10000000,91945622,91945622,1704067444117,False,True
83431656,2078.12000000,0.16780000,91945623,91945623,1704067444117,False,True
83431657,2078.12000000,0.00010000,91945624,91945624,1704067444117,False,True
83431658,2078.60000000,0.08740000,91945625,91945625,1704067455511,False,True
83431659,2078.65000000,0.10000000,91945626,91945626,1704067455511,False,True
83431660,2078.66000000,0.02570000,91945627,91945627,1704067455569,False,True
83431661,2079.08000000,0.08710000,91945628,91945628,1704067457024,True,True
83431662,2079.27000000,0.00640000,91945629,91945629,1704067503072,False,True
83431663,2079.27000000,0.09360000,91945630,91945630,1704067503285,False,True
83431664,2079.14000000,0.08740000,91945631,91945631,1704067515349,False,True
83431665,2079.21000000,0.20080000,91945632,91945633,1704067515349,False,True
83431666,2079.38000000,0.50610000,91945634,91945634,1704067515453,False,True
83431667,2079.99000000,0.10000000,91945635,91945635,1704067520900,False,True
83431668,2080.00000000,0.10000000,91945636,91945636,1704067520900,False,True
83431669,2080.00000000,0.42420000,91945637,91945637,1704067521026,False,True
83431670,2080.00000000,0.11000000,91945638,91945638,1704067521027,False,True
83431671,2080.17000000,0.15480000,91945639,91945639,1704067521064,False,True
83431672,2080.17000000,0.89150000,91945640,91945640,1704067521109,False,True
83431673,2080.59000000,0.10000000,91945641,91945641,1704067533611,False,True
83431674,2080.66000000,0.96440000,91945642,91945642,1704067533753,False,True
83431675,2081.03000000,0.10000000,91945643,91945643,1704067542941,False,True
83431676,2081.05000000,0.02730000,91945644,91945644,1704067542941,False,True
83431677,2081.29000000,1.02480000,91945645,91945646,1704067548085,False,True
83431678,2081.29000000,0.07520000,91945647,91945647,1704067548398,False,True
83431679,2081.40000000,0.09160000,91945648,91945648,1704067563865,False,True
83431680,2081.93000000,0.10000000,91945649,91945649,1704067573296,False,True
83431681,2082.45000000,0.03620000,91945650,91945650,1704067583232,False,True
83431682,2082.76000000,0.00640000,91945651,91945651,1704067583458,True,True
83431683,2082.38000000,0.05300000,91945652,91945653,1704067591475,True,True
83431684,2082.37000000,0.08730000,91945654,91945654,1704067591475,True,True
83431685,2082.36000000,0.29870000,91945655,91945655,1704067591475,True,True
83431686,2082.37000000,0.06690000,91945656,91945656,1704067593653,True,True
83431687,2082.36000000,0.20120000,91945657,91945657,1704067593653,True,True
83431688,2082.36000000,0.00010000,91945658,91945658,1704067593653,True,True
83431689,2081.78000000,0.02870000,91945659,91945659,1704067598070,True,True
83431690,2081.60000000,0.11310000,91945660,91945661,1704067606348,False,True
83431691,2082.08000000,0.10000000,91945662,91945662,1704067633464,False,True
83431692,2082.94000000,0.10000000,91945663,91945663,1704067642092,False,True
83431693,2083.37000000,0.03070000,91945664,91945665,1704067653788,True,True
83431694,2083.32000000,0.10030000,91945666,91945666,1704067653788,True,True
83431695,2083.29000000,0.50000000,91945667,91945667,1704067653788,True,True
83431696,2083.30000000,0.01900000,91945668,91945668,1704067653831,True,True
83431697,2081.90000000,0.02000000,91945669,91945669,1704067661053,False,True
83431698,2081.90000000,0.08000000,91945670,91945670,1704067661076,False,True
83431699,2081.93000000,0.01310000,91945671,91945671,1704067661213,False,True
83431700,2082.14000000,0.10010000,91945672,91945672,1704067666717,True,True
83431701,2081.80000000,1.44280000,91945673,91945673,1704067666954,False,True
83431702,2081.13000000,0.04000000,91945674,91945674,1704067703259,False,True
83431703,2080.97000000,0.10000000,91945675,91945675,1704067704596,False,True
83431704,2082.08000000,0.13600000,91945676,91945677,1704067739610,False,True
83431705,2082.33000000,0.06090000,91945678,91945679,1704067740079,True,True
83431706,2082.32000000,0.10100000,91945680,91945680,1704067740079,True,True
83431707,2082.35000000,0.01310000,91945681,91945681,1704067742199,True,True
83431708,2082.34000000,0.12130000,91945682,91945683,1704067742514,True,True
83431709,2082.33000000,0.50000000,91945684,91945684,1704067742514,True,True
83431710,2082.37000000,0.03480000,91945685,91945685,1704067764724,False,True
83431711,2082.37000000,0.00880000,91945686,91945686,1704067764727,False,True
83431712,2082.04000000,0.06210000,91945687,91945688,1704067775399,True,True
83431713,2082.01000000,0.04800000,91945689,91945689,1704067775646,False,True
83431714,2082.42000000,0.01310000,91945690,91945690,1704067800877,False,True
83431715,2082.73000000,0.13160000,91945691,91945692,1704067809264,False,True
83431716,2082.73000000,0.05570000,91945693,91945693,1704067809269,False,True
83431717,2083.22000000,0.08720000,91945694,91945694,1704067813875,False,True
83431718,2083.27000000,0.10000000,91945695,91945695,1704067814914,False,True
83431719,2083.71000000,0.10000000,91945696,91945696,1704067829254,False,True
83431720,2085.01000000,0.01270000,91945697,91945697,1704067858101,False,True
83431721,2085.01000000,0.08730000,91945698,91945698,1704067858160,False,True
83431722,2085.30000000,1.00000000,91945699,91945699,1704067858640,False,True
83431723,2085.53000000,0.10000000,91945700,91945700,1704067874074,False,True
83431724,2085.69000000,0.05000000,91945701,91945702,1704067877460,False,True
83431725,2086.32000000,0.06040000,91945703,91945703,1704067879658,False,True
83431726,2086.26000000,0.15210000,91945704,91945705,1704067896756,False,True
83431727,2086.65000000,0.01310000,91945706,91945706,1704067901587,True,True
83431728,2085.26000000,0.01310000,91945707,91945707,1704067930062,False,True
83431729,2085.28000000,0.03630000,91945708,91945708,1704067930062,False,True
83431730,2085.30000000,1.00000000,91945709,91945709,1704067930138,False,True
83431731,2085.30000000,0.12760000,91945710,91945710,1704067930143,False,True
83431732,2085.94000000,0.29990000,91945711,91945711,1704067930368,True,True
83431733,2085.62000000,0.00850000,91945712,91945712,1704067941768,False,True
83431734,2086.49000000,0.02600000,91945713,91945713,1704067951607,False,True
83431735,2086.50000000,3.66830000,91945714,91945714,1704067951607,False,True
83431736,2086.28000000,0.01300000,91945715,91945715,1704067998796,False,True
83431737,2086.48000000,0.01520000,91945716,91945716,1704067998796,False,True
83431738,2086.71000000,0.01310000,91945717,91945717,1704068041561,True,True
83431739,2086.70000000,0.08710000,91945718,91945718,1704068041561,True,True
83431740,2086.32000000,0.01190000,91945719,91945719,1704068052423,False,True
83431741,2086.69000000,0.09910000,91945720,91945722,1704068092508,False,True
83431742,2086.92000000,0.02560000,91945723,91945723,1704068092519,False,True
83431743,2087.49000000,0.02500000,91945724,91945724,1704068093189,False,True
83431744,2087.50000000,0.45490000,91945725,91945725,1704068093189,False,True
83431745,2087.88000000,0.00700000,91945726,91945726,1704068103256,False,True
83431746,2087.88000000,0.05620000,91945727,91945728,1704068105725,False,True
83431747,2087.89000000,0.01390000,91945729,91945729,1704068105725,False,True
83431748,2088.41000000,0.00420000,91945730,91945730,1704068105725,False,True
83431749,2088.62000000,0.00380000,91945731,91945731,1704068105725,False,True
83431750,2088.63000000,0.01250000,91945732,91945732,1704068105725,False,True
83431751,2088.74000000,0.09740000,91945733,91945733,1704068105725,False,True
83431752,2087.76000000,0.01310000,91945734,91945734,1704068109451,True,True
83431753,2086.31000000,0.00380000,91945735,91945735,1704068146335,False,True
83431754,2086.13000000,0.01310000,91945736,91945736,1704068148821,False,True
83431755,2086.14000000,0.01260000,91945737,91945737,1704068148821,False,True
83431756,2086.15000000,0.03620000,91945738,91945738,1704068148821,False,True
83431757,2086.51000000,0.10000000,91945739,91945739,1704068149010,False,True
83431758,2086.71000000,0.08310000,91945740,91945740,1704068168251,False,True
83431759,2086.71000000,0.01690000,91945741,91945741,1704068168252,False,True
83431760,2088.04000000,0.01310000,91945742,91945742,1704068220492,True,True
83431761,2088.03000000,0.08700000,91945743,91945743,1704068220492,True,True
83431762,2087.60000000,0.08660000,91945744,91945744,1704068229718,True,True
83431763,2087.28000000,0.13030000,91945745,91945745,1704068241417,False,True
83431764,2087.27000000,0.01310000,91945746,91945746,1704068241440,False,True
83431765,2087.29000000,0.08670000,91945747,91945747,1704068241440,False,True
83431766,2087.29000000,0.01320000,91945748,91945748,1704068241469,False,True
83431767,2087.05000000,0.01310000,91945749,91945749,1704068248905,True,True
83431768,2087.04000000,0.08710000,91945750,91945750,1704068248905,True,True
83431769,2085.04000000,0.00650000,91945751,91945751,1704068287504,False,True
83431770,2084.52000000,0.00570000,91945752,91945752,1704068326922,True,True
83431771,2084.65000000,0.01310000,91945753,91945753,1704068326981,False,True
83431772,2084.66000000,0.08720000,91945754,91945754,1704068326981,False,True
83431773,2084.83000000,0.01960000,91945755,91945755,1704068326981,False,True
83431774,2084.85000000,0.01310000,91945756,91945756,1704068334142,True,True
83431775,2084.84000000,0.08450000,91945757,91945757,1704068334142,True,True
83431776,2084.47000000,0.01310000,91945758,91945758,1704068337982,False,True
83431777,2084.48000000,0.10000000,91945759,91945759,1704068337982,False,True
83431778,2084.49000000,0.10090000,91945760,91945760,1704068337982,False,True
83431779,2084.51000000,0.08720000,91945761,91945761,1704068337982,False,True
83431780,2084.63000000,0.00440000,91945762,91945762,1704068337982,False,True
83431781,2084.66000000,0.60000000,91945763,91945763,1704068337982,False,True
83431782,2084.84000000,0.00360000,91945764,91945764,1704068337982,False,True
83431783,2085.05000000,0.00450000,91945765,91945765,1704068337982,False,True
83431784,2085.08000000,0.08720000,91945766,91945766,1704068337982,False,True
83431785,2085.17000000,0.43380000,91945767,91945767,1704068337982,False,True
83431786,2085.18000000,0.56530000,91945768,91945768,1704068337982,False,True
83431787,2084.81000000,0.00720000,91945769,91945769,1704068348897,False,True
83431788,2084.60000000,0.13200000,91945770,91945771,1704068362703,False,True
83431789,2084.60000000,0.07170000,91945772,91945773,1704068362792,False,True
83431790,2084.97000000,0.01310000,91945774,91945774,1704068450508,True,True
83431791,2084.96000000,0.08720000,91945775,91945775,1704068450508,True,True
83431792,2084.39000000,0.01430000,91945776,91945776,1704068460160,False,True
83431793,2084.38000000,0.01310000,91945777,91945777,1704068462348,False,True
83431794,2084.39000000,0.01090000,91945778,91945778,1704068462348,False,True
83431795,2084.03000000,0.03620000,91945779,91945779,1704068485715,False,True
83431796,2084.94000000,0.05150000,91945780,91945780,1704068503974,False,True
83431797,2084.97000000,0.10000000,91945781,91945781,1704068503974,False,True
83431798,2084.97000000,0.00010000,91945782,91945782,1704068503975,False,True
83431799,2084.67000000,0.08720000,91945783,91945783,1704068510948,True,True
83431800,2084.07000000,0.06940000,91945784,91945784,1704068528911,False,True
83431801,2084.06000000,0.10000000,91945785,91945785,1704068563296,False,True
83431802,2084.08000000,0.03470000,91945786,91945786,1704068563296,False,True
83431803,2084.43000000,0.11730000,91945787,91945788,1704068573746,False,True
83431804,2085.34000000,0.10000000,91945789,91945789,1704068580793,False,True
83431805,2085.39000000,0.10030000,91945790,91945790,1704068580807,False,True
83431806,2086.65000000,0.10000000,91945791,91945791,1704068597033,False,True
83431807,2086.94000000,0.00450000,91945792,91945792,1704068597033,False,True
83431808,2087.15000000,0.00440000,91945793,91945793,1704068597033,False,True
83431809,2087.34000000,0.01740000,91945794,91945794,1704068597033,False,True
83431810,2087.36000000,0.00410000,91945795,91945795,1704068597033,False,True
83431811,2087.52000000,0.10080000,91945796,91945796,1704068597033,False,True
83431812,2087.53000000,0.00780000,91945797,91945797,1704068597033,False,True
83431813,2086.91000000,0.01370000,91945798,91945798,1704068608285,True,True
83431814,2086.90000000,0.08700000,91945799,91945799,1704068608285,True,True
83431815,2086.90000000,0.00010000,91945800,91945800,1704068608285,True,True
83431816,2086.22000000,0.00660000,91945801,91945801,1704068614829,False,True
83431817,2085.90000000,0.00680000,91945802,91945802,1704068630328,False,True
83431818,2085.71000000,0.01370000,91945803,91945803,1704068633353,False,True
83431819,2085.75000000,0.05820000,91945804,91945804,1704068633353,False,True
83431820,2086.30000000,0.10000000,91945805,91945805,1704068670025,False,True
83431821,2087.25000000,0.01370000,91945806,91945806,1704068686412,True,True
83431822,2087.24000000,0.08710000,91945807,91945807,1704068686412,True,True
83431823,2086.13000000,0.04790000,91945808,91945808,1704068720445,False,True
83431824,2086.13000000,0.10170000,91945809,91945811,1704068720510,False,True
83431825,2086.50000000,0.00370000,91945812,91945812,1704068720510,False,True
83431826,2086.55000000,0.08370000,91945813,91945813,1704068720510,False,True
83431827,2086.71000000,0.00450000,91945814,91945814,1704068720510,False,True
83431828,2086.79000000,0.10100000,91945815,91945815,1704068720510,False,True
83431829,2086.80000000,0.70540000,91945816,91945816,1704068720510,False,True
83431830,2086.23000000,0.05370000,91945817,91945818,1704068730877,True,True
83431831,2085.59000000,0.08710000,91945819,91945819,1704068736292,True,True
83431832,2085.57000000,0.03970000,91945820,91945820,1704068736292,True,True
83431833,2085.85000000,0.01160000,91945821,91945821,1704068742189,False,True
83431834,2085.85000000,0.00210000,91945822,91945822,1704068742797,False,True
83431835,2085.86000000,0.10000000,91945823,91945823,1704068742797,False,True
83431836,2087.40000000,0.01370000,91945824,91945824,1704068763145,True,True
83431837,2087.39000000,0.08710000,91945825,91945825,1704068763145,True,True
83431838,2085.68000000,0.01370000,91945826,91945826,1704068787543,False,True
83431839,2085.69000000,0.03330000,91945827,91945827,1704068787543,False,True
83431840,2084.80000000,0.08720000,91945828,91945828,1704068830049,False,True
83431841,2085.02000000,0.10000000,91945829,91945829,1704068830049,False,True
83431842,2085.06000000,0.01280000,91945830,91945830,1704068830049,False,True
83431843,2084.71000000,0.01370000,91945831,91945831,1704068839150,True,True
83431844,2084.70000000,0.08720000,91945832,91945832,1704068839150,True,True
83431845,2083.98000000,0.06170000,91945833,91945833,1704068841340,True,True
83431846,2082.49000000,0.45450000,91945834,91945834,1704068865070,False,True
83431847,2082.50000000,0.10000000,91945835,91945835,1704068865070,False,True
83431848,2082.48000000,0.10000000,91945836,91945836,1704068865070,False,True
83431849,2082.54000000,0.01370000,91945837,91945837,1704068865340,False,True
83431850,2082.78000000,1.46890000,91945838,91945839,1704068865528,True,True
83431851,2082.62000000,0.01370000,91945840,91945840,1704068865545,True,True
83431852,2082.29000000,0.01540000,91945841,91945841,1704068865545,True,True
83431853,2082.28000000,0.04740000,91945842,91945842,1704068865545,True,True
83431854,2082.26000000,0.03800000,91945843,91945843,1704068865545,True,True
83431855,2082.07000000,0.10070000,91945844,91945844,1704068865545,True,True
83431856,2082.06000000,3.09130000,91945845,91945845,1704068865545,True,True
83431857,2082.04000000,1.16930000,91945846,91945846,1704068865545,True,True
83431858,2082.01000000,0.89190000,91945847,91945847,1704068865545,True,True
83431859,2082.01000000,0.10810000,91945848,91945848,1704068865548,True,True
83431860,2081.56000000,0.06140000,91945849,91945849,1704068866270,False,True
83431861,2081.90000000,0.01370000,91945850,91945850,1704068869446,False,True
83431862,2082.35000000,0.18730000,91945851,91945852,1704068871139,False,True
83431863,2082.73000000,0.10000000,91945853,91945853,1704068875225,False,True
83431864,2082.02000000,0.08710000,91945854,91945854,1704068899171,False,True
83431865,2082.02000000,0.00570000,91945855,91945856,1704068899196,False,True
83431866,2081.67000000,0.08730000,91945857,91945857,1704068907839,True,True
83431867,2081.40000000,0.04750000,91945858,91945858,1704068909252,False,True
83431868,2081.36000000,0.01370000,91945859,91945859,1704068909521,True,True
83431869,2081.35000000,0.08730000,91945860,91945860,1704068909521,True,True
83431870,2081.22000000,0.01370000,91945861,91945861,1704068944012,False,True
83431871,2081.23000000,0.08730000,91945862,91945862,1704068944012,False,True
83431872,2081.48000000,0.10000000,91945863,91945863,1704068953471,False,True
83431873,2081.75000000,0.00390000,91945864,91945864,1704068953471,False,True
83431874,2081.87000000,0.06820000,91945865,91945865,1704068953471,False,True
83431875,2081.88000000,0.01630000,91945866,91945866,1704068953471,False,True
83431876,2082.46000000,0.08720000,91945867,91945867,1704068981022,True,True
83431877,2082.46000000,0.08720000,91945868,91945868,1704068981045,True,True
83431878,2082.47000000,0.13410000,91945869,91945870,1704068981615,False,True
83431879,2082.91000000,0.05400000,91945871,91945872,1704069000936,True,True
83431880,2082.36000000,0.08730000,91945873,91945873,1704069005144,True,True
83431881,2081.97000000,0.01370000,91945874,91945874,1704069008758,False,True
83431882,2081.98000000,0.03470000,91945875,91945875,1704069008758,False,True
83431883,2082.07000000,0.08730000,91945876,91945876,1704069013972,True,True
83431884,2082.03000000,0.01370000,91945877,91945877,1704069013972,True,True
83431885,2081.56000000,0.08730000,91945878,91945878,1704069013975,True,True
83431886,2081.29000000,0.01370000,91945879,91945879,1704069018025,False,True
83431887,2081.30000000,0.01010000,91945880,91945880,1704069018025,False,True
83431888,2081.43000000,0.04800000,91945881,91945881,1704069021659,False,True
83431889,2081.74000000,0.10000000,91945882,91945882,1704069037177,False,True
83431890,2082.18000000,0.01370000,91945883,91945883,1704069045305,True,True
83431891,2082.17000000,0.07170000,91945884,91945884,1704069045305,True,True
83431892,2080.63000000,0.01370000,91945885,91945885,1704069067681,False,True
83431893,2080.64000000,0.18730000,91945886,91945887,1704069067681,False,True
83431894,2080.70000000,0.60000000,91945888,91945888,1704069067681,False,True
83431895,2080.64000000,0.08730000,91945889,91945889,1704069073352,False,True
83431896,2081.33000000,0.15010000,91945890,91945891,1704069078029,False,True
83431897,2081.43000000,0.01370000,91945892,91945892,1704069081805,True,True
83431898,2081.42000000,0.08730000,91945893,91945893,1704069081805,True,True
83431899,2080.43000000,1.54020000,91945894,91945895,1704069088347,False,True
83431900,2080.44000000,0.60000000,91945896,91945896,1704069088347,False,True
83431901,2080.69000000,0.06870000,91945897,91945897,1704069088351,False,True
83431902,2080.83000000,0.03580000,91945898,91945898,1704069088351,False,True
83431903,2080.83000000,0.06420000,91945899,91945899,1704069088351,False,True
83431904,2080.43000000,0.01370000,91945900,91945900,1704069088398,False,True
83431905,2081.77000000,0.05370000,91945901,91945902,1704069120554,True,True
83431906,2081.59000000,0.08730000,91945903,91945903,1704069120554,True,True
83431907,2081.58000000,0.41500000,91945904,91945904,1704069120554,True,True
83431908,2081.68000000,0.05000000,91945905,91945906,1704069128389,False,True
83431909,2082.02000000,0.02400000,91945907,91945907,1704069157225,False,True
83431910,2081.01000000,0.01310000,91945908,91945908,1704069260576,True,True
83431911,2081.00000000,0.08730000,91945909,91945909,1704069260604,True,True
83431912,2080.58000000,0.01310000,91945910,91945910,1704069292389,False,True
83431913,2080.59000000,0.03570000,91945911,91945911,1704069292389,False,True
83431914,2080.62000000,0.08710000,91945912,91945912,1704069292389,False,True
83431915,2080.62000000,0.00020000,91945913,91945913,1704069292389,False,True
83431916,2080.93000000,0.60000000,91945914,91945914,1704069292390,False,True
83431917,2081.09000000,1.34820000,91945915,91945915,1704069292390,False,True
83431918,2081.09000000,0.26160000,91945916,91945916,1704069292390,False,True
83431919,2081.09000000,0.20300000,91945917,91945917,1704069292391,False,True
83431920,2081.09000000,1.74510000,91945918,91945918,1704069292391,False,True
83431921,2081.09000000,0.32350000,91945919,91945919,1704069292392,False,True
83431922,2080.92000000,0.08730000,91945920,91945920,1704069292394,False,True
83431923,2081.09000000,2.11860000,91945921,91945921,1704069292394,False,True
83431924,2081.72000000,0.05800000,91945922,91945923,1704069299812,False,True
83431925,2081.83000000,0.01310000,91945924,91945924,1704069332972,True,True
83431926,2081.82000000,0.08720000,91945925,91945925,1704069332972,True,True
83431927,2081.82000000,0.00010000,91945926,91945926,1704069332973,True,True
83431928,2082.02000000,0.01310000,91945927,91945927,1704069389626,False,True
83431929,2082.08000000,0.07420000,91945928,91945928,1704069389626,False,True
83431930,2082.78000000,0.00370000,91945929,91945929,1704069426596,False,True
83431931,2082.89000000,0.00570000,91945930,91945930,1704069426596,False,True
83431932,2082.83000000,0.00360000,91945931,91945931,1704069428777,False,True
83431933,2082.83000000,0.00360000,91945932,91945932,1704069428812,False,True
83431934,2083.51000000,0.01160000,91945933,91945933,1704069524307,False,True
83431935,2084.66000000,0.00380000,91945934,91945934,1704069564366,False,True
83431936,2084.82000000,0.04460000,91945935,91945935,1704069574565,False,True
83431937,2085.07000000,0.04840000,91945936,91945936,1704069574570,False,True
83431938,2085.66000000,0.05290000,91945937,91945938,1704069630755,True,True
83431939,2085.01000000,0.12700000,91945939,91945940,1704069680263,True,True
83431940,2085.00000000,0.11980000,91945941,91945941,1704069680264,True,True
83431941,2084.48000000,0.17080000,91945942,91945942,1704069693428,False,True
83431942,2084.20000000,0.01300000,91945943,91945943,1704069718923,False,True
83431943,2084.19000000,0.09970000,91945944,91945945,1704069741904,True,True
83431944,2083.61000000,0.12720000,91945946,91945947,1704069844891,True,True
83431945,2083.61000000,0.04350000,91945948,91945948,1704069844898,True,True
83431946,2083.50000000,0.10050000,91945949,91945949,1704069844898,True,True
83431947,2083.49000000,0.59650000,91945950,91945950,1704069844898,True,True
83431948,2083.49000000,0.04350000,91945951,91945951,1704069844898,True,True
83431949,2083.50000000,0.04350000,91945952,91945952,1704069844911,True,True
83431950,2084.68000000,0.01310000,91945953,91945953,1704069881391,False,True
83431951,2084.69000000,0.06890000,91945954,91945954,1704069881391,False,True
83431952,2084.45000000,0.01290000,91945955,91945955,1704070190060,True,True
83431953,2084.47000000,0.03450000,91945956,91945956,1704070191530,True,True
83431954,2084.09000000,0.00420000,91945957,91945957,1704070191530,True,True
83431955,2083.94000000,0.03450000,91945958,91945958,1704070191530,True,True
83431956,2083.93000000,0.01610000,91945959,91945959,1704070191530,True,True
83431957,2084.34000000,0.09430000,91945960,91945960,1704070196450,True,True
83431958,2085.84000000,0.00840000,91945961,91945961,1704070433359,False,True
83431959,2085.83000000,0.00360000,91945962,91945962,1704070436603,False,True
83431960,2085.83000000,0.00360000,91945963,91945963,1704070438191,False,True
83431961,2086.14000000,0.03580000,91945964,91945964,1704070446996,False,True
83431962,2086.15000000,0.82670000,91945965,91945965,1704070446996,False,True
83431963,2086.67000000,0.08670000,91945966,91945966,1704070474483,False,True
83431964,2087.46000000,0.03600000,91945967,91945967,1704070575992,False,True
83431965,2088.34000000,0.05550000,91945968,91945969,1704070625213,True,True
83431966,2088.62000000,0.02160000,91945970,91945970,1704070680626,True,True
83431967,2088.35000000,0.10090000,91945971,91945971,1704070680626,True,True
83431968,2088.34000000,0.50000000,91945972,91945972,1704070680626,True,True
83431969,2088.06000000,1.17750000,91945973,91945973,1704070680627,True,True
83431970,2087.89000000,0.50000000,91945974,91945974,1704070680768,True,True
83431971,2087.66000000,0.50000000,91945975,91945975,1704070680781,True,True
83431972,2087.57000000,0.02160000,91945976,91945976,1704070680781,True,True
83431973,2086.54000000,0.42700000,91945977,91945977,1704070836778,False,True
83431974,2086.54000000,0.10040000,91945978,91945978,1704070836788,False,True
83431975,2086.55000000,0.08710000,91945979,91945979,1704070836788,False,True
83431976,2086.66000000,0.01310000,91945980,91945980,1704070836788,False,True
83431977,2086.78000000,0.00420000,91945981,91945981,1704070836788,False,True
83431978,2086.84000000,0.15350000,91945982,91945982,1704070836788,False,True
83431979,2086.00000000,0.08660000,91945983,91945983,1704070853812,False,True
83431980,2085.99000000,0.00580000,91945984,91945984,1704070854045,True,True
83431981,2086.18000000,0.01310000,91945985,91945985,1704070878347,True,True
83431982,2086.17000000,0.08260000,91945986,91945986,1704070878347,True,True
83431983,2085.64000000,0.01310000,91945987,91945987,1704070896124,False,True
83431984,2085.65000000,0.03480000,91945988,91945988,1704070896124,False,True
83431985,2085.65000000,0.01310000,91945989,91945989,1704070935117,True,True
83431986,2085.64000000,0.04140000,91945990,91945990,1704070935117,True,True
83431987,2085.43000000,0.04640000,91945991,91945991,1704070935117,True,True
83431988,2085.43000000,0.05450000,91945992,91945992,1704070935118,True,True
83431989,2085.11000000,0.08720000,91945993,91945993,1704070948253,False,True
83431990,2085.12000000,1.26120000,91945994,91945996,1704070948253,False,True
83431991,2085.14000000,1.43210000,91945997,91945997,1704070948253,False,True
83431992,2085.14000000,0.22090000,91945998,91945998,1704070948254,False,True
83431993,2085.14000000,0.20860000,91945999,91945999,1704070948254,False,True
83431994,2085.14000000,0.45470000,91946000,91946000,1704070948255,False,True
83431995,2085.14000000,0.53530000,91946001,91946001,1704070948255,False,True
83431996,2085.14000000,1.72300000,91946002,91946002,1704070948255,False,True
83431997,2085.14000000,1.42540000,91946003,91946003,1704070948256,False,True
83431998,2087.45000000,0.01310000,91946004,91946004,1704070995053,True,True
83431999,2087.44000000,0.06450000,91946005,91946005,1704070995053,True,True
83432000,2086.56000000,0.00480000,91946006,91946006,1704071127125,False,True
83432001,2086.51000000,0.00480000,91946007,91946007,1704071148416,True,True
83432002,2086.41000000,0.01310000,91946008,91946008,1704071160549,False,True
83432003,2086.42000000,0.08080000,91946009,91946009,1704071160549,False,True
83432004,2086.98000000,0.03040000,91946010,91946010,1704071194306,True,True
83432005,2087.19000000,0.01310000,91946011,91946011,1704071204359,True,True
83432006,2087.18000000,0.07200000,91946012,91946012,1704071204359,True,True
83432007,2086.83000000,0.10040000,91946013,91946013,1704071204359,True,True
83432008,2086.82000000,0.23010000,91946014,91946015,1704071204359,True,True
83432009,2087.09000000,0.00980000,91946016,91946016,1704071281231,True,True
83432010,2086.61000000,0.01310000,91946017,91946017,1704071393659,False,True
83432011,2086.62000000,0.08710000,91946018,91946018,1704071393659,False,True
83432012,2087.03000000,0.01640000,91946019,91946019,1704071393659,False,True
83432013,2087.00000000,0.08710000,91946020,91946020,1704071399070,True,True
83432014,2087.00000000,0.41390000,91946021,91946021,1704071399169,True,True
83432015,2087.43000000,0.01310000,91946022,91946022,1704071458483,True,True
83432016,2087.42000000,0.08070000,91946023,91946023,1704071458483,True,True
83432017,2088.43000000,0.27450000,91946024,91946024,1704071623653,False,True
83432018,2088.88000000,0.01310000,91946025,91946025,1704071637379,False,True
83432019,2089.10000000,0.01440000,91946026,91946026,1704071658672,True,True
83432020,2089.09000000,0.03970000,91946027,91946027,1704071658672,True,True
83432021,2088.80000000,0.01440000,91946028,91946028,1704071682284,False,True
83432022,2088.81000000,0.03340000,91946029,91946029,1704071682284,False,True
83432023,2089.05000000,0.08700000,91946030,91946030,1704071736825,False,True
83432024,2089.32000000,0.01870000,91946031,91946031,1704071784726,False,True
83432025,2089.44000000,0.04690000,91946032,91946032,1704071807348,False,True
83432026,2089.44000000,0.95310000,91946033,91946033,1704071807420,False,True
83432027,2089.49000000,0.01320000,91946034,91946034,1704071807420,False,True
83432028,2089.49000000,0.00010000,91946035,91946035,1704071807420,False,True
83432029,2089.93000000,0.08330000,91946036,91946036,1704071808034,False,True
83432030,2090.00000000,0.21360000,91946037,91946037,1704071808034,False,True
83432031,2090.00000000,0.00010000,91946038,91946038,1704071808035,False,True
83432032,2089.88000000,0.01440000,91946039,91946039,1704071863292,True,True
83432033,2089.87000000,0.08700000,91946040,91946040,1704071863292,True,True
83432034,2089.86000000,0.10060000,91946041,91946041,1704071863292,True,True
83432035,2089.85000000,0.50000000,91946042,91946042,1704071863292,True,True
83432036,2089.74000000,0.31110000,91946043,91946043,1704071863292,True,True
83432037,2090.19000000,0.01440000,91946044,91946044,1704071890835,False,True
83432038,2090.20000000,0.08520000,91946045,91946045,1704071890835,False,True
83432039,2090.60000000,0.10060000,91946046,91946046,1704071890835,False,True
83432040,2090.63000000,0.03890000,91946047,91946047,1704071890835,False,True
83432041,2090.37000000,0.04260000,91946048,91946048,1704071894314,False,True
83432042,2090.47000000,0.10060000,91946049,91946049,1704071894314,False,True
83432043,2090.62000000,0.12250000,91946050,91946050,1704071894314,False,True
83432044,2090.63000000,0.73430000,91946051,91946051,1704071894314,False,True
83432045,2090.21000000,0.01440000,91946052,91946052,1704071905163,True,True
83432046,2090.20000000,0.08700000,91946053,91946053,1704071905163,True,True
83432047,2090.15000000,0.10080000,91946054,91946054,1704071905163,True,True
83432048,2090.10000000,0.00430000,91946055,91946055,1704071905163,True,True
83432049,2090.04000000,0.79250000,91946056,91946056,1704071905163,True,True
83432050,2090.76000000,0.00350000,91946057,91946057,1704071912445,False,True
83432051,2090.33000000,0.00350000,91946058,91946058,1704071936667,True,True
83432052,2090.32000000,0.08690000,91946059,91946059,1704071936667,True,True
83432053,2089.62000000,0.00480000,91946060,91946060,1704071974257,False,True
83432054,2089.59000000,0.01430000,91946061,91946061,1704071976397,False,True
83432055,2089.55000000,0.24310000,91946062,91946063,1704071976804,False,True
83432056,2089.49000000,0.00980000,91946064,91946064,1704071977575,False,True
83432057,2089.49000000,0.00990000,91946065,91946065,1704071977999,False,True
83432058,2089.49000000,0.00980000,91946066,91946066,1704071978545,False,True
83432059,2090.76000000,0.01430000,91946067,91946067,1704072081994,True,True
83432060,2090.75000000,0.08690000,91946068,91946068,1704072081994,True,True
83432061,2090.71000000,0.10040000,91946069,91946069,1704072081994,True,True
83432062,2090.64000000,0.17960000,91946070,91946070,1704072081994,True,True
83432063,2090.63000000,0.42290000,91946071,91946071,1704072081994,True,True
83432064,2090.62000000,1.18790000,91946072,91946072,1704072081994,True,True
83432065,2090.11000000,0.07840000,91946073,91946073,1704072082254,True,True
83432066,2089.87000000,0.00970000,91946074,91946074,1704072082821,False,True
83432067,2089.57000000,0.01010000,91946075,91946075,1704072084268,False,True
83432068,2089.55000000,0.00980000,91946076,91946076,1704072084514,False,True
83432069,2089.61000000,0.01440000,91946077,91946077,1704072155252,False,True
83432070,2089.62000000,0.00900000,91946078,91946078,1704072155252,False,True
83432071,2089.58000000,0.09430000,91946079,91946079,1704072158097,False,True
83432072,2089.59000000,0.00480000,91946080,91946080,1704072158116,False,True
83432073,2089.59000000,0.08180000,91946081,91946081,1704072158140,False,True
83432074,2089.61000000,0.01440000,91946082,91946082,1704072201489,True,True
83432075,2089.60000000,0.08700000,91946083,91946083,1704072201489,True,True
83432076,2089.38000000,0.01420000,91946084,91946084,1704072223556,False,True
83432077,2089.38000000,0.00020000,91946085,91946085,1704072247153,False,True
83432078,2089.39000000,0.08700000,91946086,91946086,1704072247153,False,True
83432079,2089.60000000,0.00360000,91946087,91946087,1704072247153,False,True
83432080,2089.75000000,0.10070000,91946088,91946088,1704072247153,False,True
83432081,2089.76000000,0.02880000,91946089,91946089,1704072247153,False,True
83432082,2090.61000000,0.07250000,91946090,91946090,1704072340257,False,True
83432083,2090.71000000,0.02750000,91946091,91946091,1704072340257,False,True
83432084,2090.67000000,0.01400000,91946092,91946092,1704072378453,True,True
83432085,2090.66000000,0.08700000,91946093,91946093,1704072378453,True,True
83432086,2090.02000000,0.08700000,91946094,91946094,1704072385508,True,True
83432087,2090.99000000,0.01400000,91946095,91946095,1704072397218,False,True
83432088,2091.00000000,0.00650000,91946096,91946096,1704072397316,False,True
83432089,2092.11000000,0.01400000,91946097,91946097,1704072416724,True,True
83432090,2092.10000000,0.04920000,91946098,91946098,1704072416724,True,True
83432091,2092.26000000,0.01170000,91946099,91946099,1704072502348,True,True
83432092,2091.10000000,0.02590000,91946100,91946100,1704072585285,True,True
83432093,2091.10000000,0.15100000,91946101,91946101,1704072585643,True,True
83432094,2091.03000000,0.01290000,91946102,91946102,1704072587286,True,True
83432095,2091.58000000,0.14560000,91946103,91946104,1704072667343,True,True
83432096,2091.57000000,0.11750000,91946105,91946105,1704072667343,True,True
83432097,2092.11000000,0.01400000,91946106,91946106,1704072689603,False,True
83432098,2092.12000000,0.08690000,91946107,91946107,1704072689603,False,True
83432099,2092.24000000,0.00400000,91946108,91946108,1704072689603,False,True
83432100,2092.44000000,0.08690000,91946109,91946109,1704072689603,False,True
83432101,2092.45000000,0.00440000,91946110,91946110,1704072689603,False,True
83432102,2092.49000000,0.10050000,91946111,91946111,1704072689603,False,True
83432103,2092.50000000,0.18120000,91946112,91946112,1704072689603,False,True
83432104,2092.04000000,0.00540000,91946113,91946113,1704072698000,False,True
83432105,2092.55000000,0.00470000,91946114,91946114,1704072700669,False,True
83432106,2093.21000000,0.01110000,91946115,91946115,1704072759407,False,True
83432107,2093.05000000,0.01400000,91946116,91946116,1704072790643,True,True
83432108,2093.04000000,0.08690000,91946117,91946117,1704072790643,True,True
83432109,2093.31000000,0.01400000,91946118,91946118,1704072840599,False,True
83432110,2093.32000000,1.23190000,91946119,91946119,1704072840599,False,True
83432111,2093.61000000,0.08680000,91946120,91946120,1704072847824,False,True
83432112,2093.65000000,0.10070000,91946121,91946121,1704072847824,False,True
83432113,2093.67000000,0.10240000,91946122,91946123,1704072891700,True,True
83432114,2093.62000000,0.10050000,91946124,91946124,1704072891710,True,True
83432115,2092.61000000,0.01560000,91946125,91946125,1704072900523,False,True
83432116,2092.62000000,0.08690000,91946126,91946126,1704072900523,False,True
83432117,2093.67000000,0.07620000,91946127,91946127,1704072910164,False,True
83432118,2093.68000000,1.00000000,91946128,91946128,1704072910164,False,True
83432119,2093.93000000,0.03800000,91946129,91946129,1704072913889,False,True
83432120,2093.86000000,0.11970000,91946130,91946131,1704072930288,False,True
83432121,2094.05000000,0.13900000,91946132,91946132,1704072937786,False,True
83432122,2094.05000000,0.13370000,91946133,91946133,1704072967837,False,True
83432123,2094.05000000,0.61940000,91946134,91946134,1704072967839,False,True
83432124,2094.73000000,0.02710000,91946135,91946135,1704072995913,False,True
83432125,2095.10000000,0.01920000,91946136,91946136,1704072995913,False,True
83432126,2095.13000000,0.16480000,91946137,91946137,1704072995913,False,True
83432127,2095.13000000,0.00170000,91946138,91946138,1704072995913,False,True
83432128,2095.22000000,0.02540000,91946139,91946139,1704072995913,False,True
83432129,2096.00000000,0.31370000,91946140,91946140,1704073011997,False,True
83432130,2096.00000000,0.09480000,91946141,91946141,1704073011998,False,True
83432131,2097.16000000,1.07530000,91946142,91946142,1704073039831,False,True
83432132,2097.20000000,1.04760000,91946143,91946144,1704073039831,False,True
83432133,2097.85000000,0.01550000,91946145,91946145,1704073043808,True,True
83432134,2097.84000000,0.08670000,91946146,91946146,1704073043808,True,True
83432135,2097.77000000,0.10090000,91946147,91946147,1704073043836,True,True
83432136,2097.76000000,0.50000000,91946148,91946148,1704073043836,True,True
83432137,2097.78000000,0.08670000,91946149,91946149,1704073043975,True,True
83432138,2097.23000000,0.08670000,91946150,91946150,1704073052913,True,True
83432139,2096.40000000,0.00370000,91946151,91946151,1704073056437,False,True
83432140,2096.42000000,0.00360000,91946152,91946152,1704073056716,False,True
83432141,2096.17000000,0.00360000,91946153,91946153,1704073068314,True,True
83432142,2095.83000000,0.00370000,91946154,91946154,1704073070035,False,True
83432143,2095.82000000,0.00370000,91946155,91946155,1704073070056,False,True
83432144,2096.28000000,0.01170000,91946156,91946156,1704073078622,False,True
83432145,2096.28000000,0.00010000,91946157,91946157,1704073078655,False,True
83432146,2096.33000000,0.01550000,91946158,91946158,1704073092449,True,True
83432147,2096.32000000,0.04540000,91946159,91946159,1704073092449,True,True
83432148,2096.10000000,0.00620000,91946160,91946160,1704073092449,True,True
83432149,2096.12000000,0.17510000,91946161,91946161,1704073093259,False,True
83432150,2095.92000000,0.01550000,91946162,91946162,1704073097276,False,True
83432151,2095.93000000,0.08670000,91946163,91946163,1704073097276,False,True
83432152,2096.09000000,0.08770000,91946164,91946164,1704073097279,False,True
83432153,2096.09000000,0.01270000,91946165,91946165,1704073097284,False,True
83432154,2097.67000000,0.01550000,91946166,91946166,1704073110640,True,True
83432155,2097.66000000,0.06430000,91946167,91946167,1704073110640,True,True
83432156,2096.51000000,0.01540000,91946168,91946168,1704073136777,False,True
83432157,2095.75000000,0.00830000,91946169,91946169,1704073166250,True,True
83432158,2096.60000000,0.04290000,91946170,91946171,1704073217873,True,True
83432159,2096.31000000,0.10060000,91946172,91946172,1704073217873,True,True
83432160,2096.30000000,0.45720000,91946173,91946173,1704073217873,True,True
83432161,2096.30000000,0.04280000,91946174,91946174,1704073217873,True,True
83432162,2095.75000000,0.08640000,91946175,91946176,1704073265281,True,True
83432163,2094.53000000,0.11620000,91946177,91946178,1704073279604,True,True
83432164,2094.52000000,1.00000000,91946179,91946179,1704073279604,True,True
83432165,2094.24000000,0.01540000,91946180,91946180,1704073281334,False,True
83432166,2094.71000000,0.08680000,91946181,91946181,1704073293806,False,True
83432167,2094.72000000,0.05710000,91946182,91946182,1704073293806,False,True
83432168,2094.72000000,0.04350000,91946183,91946183,1704073293807,False,True
83432169,2095.60000000,0.08680000,91946184,91946184,1704073295102,False,True
83432170,2096.08000000,0.00370000,91946185,91946185,1704073300886,True,True
83432171,2096.14000000,0.10220000,91946186,91946187,1704073301251,True,True
83432172,2094.92000000,0.01560000,91946188,91946188,1704073361627,False,True
83432173,2094.93000000,0.00770000,91946189,91946189,1704073361627,False,True
83432174,2095.05000000,0.00570000,91946190,91946190,1704073374467,True,True
83432175,2095.05000000,0.10300000,91946191,91946193,1704073379502,True,True
83432176,2094.63000000,0.05130000,91946194,91946195,1704073449450,False,True
83432177,2094.65000000,0.08680000,91946196,91946196,1704073449450,False,True
83432178,2094.99000000,0.01590000,91946197,91946197,1704073462428,True,True
83432179,2094.98000000,0.07000000,91946198,91946198,1704073462428,True,True
83432180,2094.98000000,0.00010000,91946199,91946199,1704073462428,True,True
83432181,2094.78000000,0.00380000,91946200,91946200,1704073501677,False,True
83432182,2095.00000000,0.45070000,91946201,91946202,1704073501819,False,True
83432183,2095.35000000,0.08420000,91946203,91946203,1704073531545,False,True
83432184,2096.21000000,0.08670000,91946204,91946204,1704073545174,False,True
83432185,2096.45000000,0.10260000,91946205,91946206,1704073558460,True,True
83432186,2096.29000000,0.61590000,91946207,91946208,1704073565207,False,True
83432187,2096.64000000,0.10020000,91946209,91946209,1704073565210,False,True
83432188,2096.65000000,0.08670000,91946210,91946210,1704073565210,False,True
83432189,2096.71000000,0.82490000,91946211,91946211,1704073565212,False,True
83432190,2096.70000000,0.35550000,91946212,91946212,1704073565300,False,True
83432191,2097.60000000,0.01590000,91946213,91946213,1704073575699,True,True
83432192,2097.59000000,0.08660000,91946214,91946214,1704073575699,True,True
83432193,2097.59000000,0.00010000,91946215,91946215,1704073575699,True,True
83432194,2096.58000000,0.11740000,91946216,91946217,1704073654328,True,True
83432195,2095.96000000,0.07860000,91946218,91946219,1704073684231,True,True
83432196,2095.52000000,0.01590000,91946220,91946220,1704073701715,False,True
83432197,2096.52000000,0.08670000,91946221,91946221,1704073767628,False,True
83432198,2097.34000000,0.01590000,91946222,91946222,1704073786306,True,True
83432199,2097.33000000,0.06220000,91946223,91946223,1704073786306,True,True
83432200,2096.39000000,0.44080000,91946224,91946225,1704073816733,False,True
83432201,2096.51000000,0.17900000,91946226,91946226,1704073816733,False,True
83432202,2096.25000000,0.07780000,91946227,91946229,1704073921514,True,True
83432203,2096.03000000,0.01590000,91946230,91946230,1704073974627,False,True
83432204,2096.04000000,0.08670000,91946231,91946231,1704073974627,False,True
83432205,2096.18000000,0.03760000,91946232,91946232,1704073974627,False,True
83432206,2095.97000000,0.09350000,91946233,91946233,1704073981370,False,True
83432207,2095.96000000,0.01590000,91946234,91946234,1704074028483,True,True
83432208,2095.95000000,0.05910000,91946235,91946235,1704074028483,True,True
83432209,2095.56000000,0.01590000,91946236,91946236,1704074111896,False,True
83432210,2095.57000000,0.08670000,91946237,91946237,1704074111896,False,True
83432211,2095.58000000,0.00660000,91946238,91946238,1704074111896,False,True
83432212,2095.17000000,0.01350000,91946239,91946239,1704074126119,True,True
83432213,2095.16000000,0.07280000,91946240,91946240,1704074126119,True,True
83432214,2095.16000000,0.00010000,91946241,91946241,1704074126119,True,True
83432215,2094.81000000,0.01350000,91946242,91946242,1704074149180,False,True
83432216,2094.93000000,0.00930000,91946243,91946243,1704074287781,False,True
83432217,2096.11000000,0.08670000,91946244,91946244,1704074423536,False,True
83432218,2096.12000000,0.05360000,91946245,91946245,1704074423536,False,True
83432219,2096.10000000,0.01350000,91946246,91946246,1704074435152,True,True
83432220,2096.09000000,0.08320000,91946247,91946247,1704074435152,True,True
83432221,2096.09000000,0.00010000,91946248,91946248,1704074435152,True,True
83432222,2094.40000000,0.04290000,91946249,91946249,1704074494253,True,True
83432223,2094.12000000,0.10100000,91946250,91946250,1704074494253,True,True
83432224,2092.81000000,0.02140000,91946251,91946251,1704074574659,True,True
83432225,2092.76000000,0.10090000,91946252,91946252,1704074574659,True,True
83432226,2092.62000000,0.02040000,91946253,91946253,1704074581794,True,True
83432227,2092.33000000,0.01350000,91946254,91946254,1704074591345,False,True
83432228,2092.34000000,0.00990000,91946255,91946255,1704074591345,False,True
83432229,2090.99000000,0.11310000,91946256,91946257,1704074660349,True,True
83432230,2090.98000000,1.00000000,91946258,91946258,1704074660349,True,True
83432231,2090.25000000,0.10010000,91946259,91946259,1704074665055,True,True
83432232,2089.99000000,0.13230000,91946260,91946260,1704074665055,True,True
83432233,2090.02000000,0.00570000,91946261,91946261,1704074665210,False,True
83432234,2090.02000000,0.00570000,91946262,91946262,1704074665268,False,True
83432235,2090.20000000,0.00590000,91946263,91946263,1704074665298,False,True
83432236,2090.19000000,0.00590000,91946264,91946264,1704074665427,False,True
83432237,2089.65000000,0.00590000,91946265,91946265,1704074685090,False,True
83432238,2089.90000000,0.00600000,91946266,91946266,1704074692567,True,True
83432239,2090.17000000,0.00640000,91946267,91946267,1704074721646,False,True
83432240,2090.72000000,0.01310000,91946268,91946268,1704074767930,False,True
83432241,2090.73000000,0.09210000,91946269,91946269,1704074771861,False,True
83432242,2091.22000000,0.05340000,91946270,91946271,1704074792388,True,True
83432243,2090.26000000,0.03460000,91946272,91946273,1704074890035,False,True
83432244,2090.57000000,0.03630000,91946274,91946274,1704074926281,False,True
83432245,2090.89000000,0.08450000,91946275,91946275,1704074926281,False,True
83432246,2090.88000000,0.03610000,91946276,91946276,1704074926342,False,True
83432247,2090.32000000,0.12280000,91946277,91946278,1704074979457,False,True
83432248,2090.34000000,0.00410000,91946279,91946279,1704074979457,False,True
83432249,2090.37000000,0.08100000,91946280,91946280,1704074979457,False,True
83432250,2090.31000000,0.01310000,91946281,91946281,1704074982548,True,True
83432251,2090.29000000,0.07380000,91946282,91946282,1704074982548,True,True
83432252,2090.29000000,0.00010000,91946283,91946283,1704074982548,True,True
83432253,2089.99000000,0.00720000,91946284,91946284,1704075003945,False,True
83432254,2090.83000000,0.00710000,91946285,91946285,1704075136467,True,True
83432255,2090.82000000,0.03510000,91946286,91946286,1704075136467,True,True
83432256,2090.72000000,0.28110000,91946287,91946287,1704075136467,True,True
83432257,2090.72000000,0.00010000,91946288,91946288,1704075136468,True,True
83432258,2090.66000000,0.06390000,91946289,91946291,1704075243030,True,True
83432259,2090.57000000,0.10020000,91946292,91946292,1704075243032,True,True
83432260,2090.55000000,0.18930000,91946293,91946293,1704075243032,True,True
83432261,2090.33000000,0.39930000,91946294,91946294,1704075243529,True,True
83432262,2090.42000000,0.01840000,91946295,91946295,1704075271206,True,True
83432263,2090.31000000,0.12750000,91946296,91946296,1704075271206,True,True
83432264,2090.23000000,0.10070000,91946297,91946297,1704075271206,True,True
83432265,2090.20000000,1.43530000,91946298,91946298,1704075271206,True,True
83432266,2090.11000000,0.00380000,91946299,91946299,1704075271206,True,True
83432267,2089.90000000,0.00360000,91946300,91946300,1704075271206,True,True
83432268,2089.77000000,0.31070000,91946301,91946301,1704075271206,True,True
83432269,2090.10000000,0.02000000,91946302,91946302,1704075404334,True,True
83432270,2089.63000000,0.56060000,91946303,91946303,1704075428676,False,True
83432271,2089.63000000,0.08680000,91946304,91946304,1704075428703,False,True
83432272,2089.32000000,0.58000000,91946305,91946305,1704075437129,True,True
83432273,2089.18000000,0.01560000,91946306,91946306,1704075437130,True,True
83432274,2089.17000000,0.18360000,91946307,91946307,1704075437130,True,True
83432275,2089.08000000,0.67090000,91946308,91946308,1704075437131,True,True
83432276,2089.08000000,0.28320000,91946309,91946309,1704075437131,True,True
83432277,2089.33000000,0.10070000,91946310,91946310,1704075437136,True,True
83432278,2089.08000000,0.12170000,91946311,91946311,1704075437136,True,True
83432279,2088.63000000,0.00560000,91946312,91946312,1704075453432,False,True
83432280,2088.13000000,0.10080000,91946313,91946313,1704075460776,True,True
83432281,2088.12000000,0.55560000,91946314,91946314,1704075460776,True,True
83432282,2087.84000000,0.00580000,91946315,91946315,1704075460972,False,True
83432283,2088.13000000,0.01740000,91946316,91946316,1704075461094,False,True
83432284,2088.14000000,0.06370000,91946317,91946317,1704075461094,False,True
83432285,2088.14000000,0.02330000,91946318,91946318,1704075461103,False,True
83432286,2088.30000000,0.05780000,91946319,91946319,1704075461103,False,True
83432287,2087.76000000,0.00500000,91946320,91946320,1704075462648,False,True
83432288,2087.53000000,0.07800000,91946321,91946321,1704075479550,False,True
83432289,2087.49000000,0.01740000,91946322,91946322,1704075493763,True,True
83432290,2087.48000000,0.08590000,91946323,91946323,1704075493763,True,True
83432291,2087.34000000,0.04300000,91946324,91946324,1704075494154,True,True
83432292,2087.33000000,1.00000000,91946325,91946325,1704075494154,True,True
83432293,2086.97000000,0.01740000,91946326,91946326,1704075507276,False,True
83432294,2086.98000000,0.08710000,91946327,91946327,1704075507276,False,True
83432295,2087.70000000,0.08700000,91946328,91946328,1704075520469,False,True
83432296,2087.75000000,0.91740000,91946329,91946331,1704075522922,False,True
83432297,2087.75000000,1.00970000,91946332,91946332,1704075523025,False,True
83432298,2087.75000000,0.19980000,91946333,91946334,1704075524018,False,True
83432299,2087.77000000,0.79230000,91946335,91946335,1704075524129,False,True
83432300,2087.70000000,0.11640000,91946336,91946337,1704075525019,False,True
83432301,2088.53000000,0.01740000,91946338,91946338,1704075611007,True,True
83432302,2088.52000000,0.08700000,91946339,91946339,1704075611007,True,True
83432303,2088.85000000,0.01730000,91946340,91946340,1704075642503,False,True
83432304,2089.54000000,0.01730000,91946341,91946341,1704075666587,True,True
83432305,2089.53000000,0.08700000,91946342,91946342,1704075666587,True,True
83432306,2089.50000000,0.00950000,91946343,91946343,1704075685317,False,True
83432307,2089.49000000,0.08670000,91946344,91946345,1704075729248,True,True
83432308,2088.85000000,0.01740000,91946346,91946346,1704075760925,False,True
83432309,2088.86000000,0.08700000,91946347,91946347,1704075760925,False,True
83432310,2090.02000000,0.61560000,91946348,91946349,1704075780887,True,True
83432311,2089.94000000,0.08270000,91946350,91946350,1704075780889,True,True
83432312,2089.90000000,0.10050000,91946351,91946351,1704075780889,True,True
83432313,2089.53000000,0.01080000,91946352,91946352,1704075784538,False,True
83432314,2089.51000000,0.08680000,91946353,91946353,1704075800662,False,True
83432315,2089.50000000,0.00430000,91946354,91946354,1704075816170,True,True
83432316,2088.87000000,0.00530000,91946355,91946355,1704075826034,False,True
83432317,2088.86000000,0.08530000,91946356,91946356,1704075833318,True,True
83432318,2087.78000000,0.08710000,91946357,91946357,1704075869514,False,True
83432319,2088.06000000,0.01550000,91946358,91946358,1704075909417,False,True
83432320,2087.90000000,0.00530000,91946359,91946359,1704075940598,False,True
83432321,2087.90000000,0.00510000,91946360,91946360,1704075940623,False,True
83432322,2087.89000000,0.01550000,91946361,91946361,1704075951367,True,True
83432323,2087.88000000,0.04270000,91946362,91946362,1704075951367,True,True
83432324,2087.58000000,0.08690000,91946363,91946363,1704075960148,False,True
83432325,2087.58000000,0.01560000,91946364,91946365,1704075960193,False,True
83432326,2087.58000000,0.08700000,91946366,91946367,1704075960216,False,True
83432327,2087.58000000,0.03620000,91946368,91946369,1704075960284,False,True
83432328,2087.65000000,0.03590000,91946370,91946370,1704075990162,False,True
83432329,2087.70000000,0.06000000,91946371,91946371,1704075990178,False,True
83432330,2087.91000000,0.08620000,91946372,91946373,1704075991003,False,True
83432331,2088.23000000,0.01560000,91946374,91946374,1704076115753,True,True
83432332,2088.22000000,0.08700000,91946375,91946375,1704076115753,True,True
83432333,2088.03000000,0.11980000,91946376,91946376,1704076115919,False,True
83432334,2088.06000000,0.04470000,91946377,91946378,1704076120726,False,True
83432335,2087.94000000,0.17210000,91946379,91946379,1704076134840,False,True
83432336,2087.95000000,0.01550000,91946380,91946380,1704076136928,False,True
83432337,2087.96000000,0.02390000,91946381,91946381,1704076159448,False,True
83432338,2087.95000000,0.10250000,91946382,91946383,1704076201739,True,True
83432339,2088.00000000,0.28480000,91946384,91946385,1704076226315,False,True
83432340,2088.75000000,0.01560000,91946386,91946386,1704076236341,True,True
83432341,2088.74000000,0.08700000,91946387,91946387,1704076236341,True,True
83432342,2088.70000000,0.10040000,91946388,91946388,1704076236341,True,True
83432343,2088.57000000,0.56540000,91946389,91946389,1704076236539,False,True
83432344,2088.56000000,0.20870000,91946390,91946390,1704076236572,False,True
83432345,2088.49000000,0.01550000,91946391,91946391,1704076241325,False,True
83432346,2088.49000000,0.00010000,91946392,91946392,1704076255460,False,True
83432347,2088.50000000,0.08700000,91946393,91946393,1704076255460,False,True
83432348,2088.69000000,0.06640000,91946394,91946394,1704076255694,False,True
83432349,2088.89000000,0.03320000,91946395,91946395,1704076256769,False,True
83432350,2089.02000000,0.01660000,91946396,91946396,1704076260029,False,True
83432351,2089.02000000,0.01670000,91946397,91946397,1704076260054,False,True
83432352,2089.03000000,0.10000000,91946398,91946398,1704076260209,False,True
83432353,2089.32000000,0.00420000,91946399,91946399,1704076317325,False,True
83432354,2089.33000000,0.00380000,91946400,91946400,1704076317325,False,True
83432355,2089.37000000,0.03010000,91946401,91946401,1704076317325,False,True
83432356,2089.28000000,0.01560000,91946402,91946402,1704076381587,True,True
83432357,2089.27000000,0.08700000,91946403,91946403,1704076381587,True,True
83432358,2088.74000000,0.08990000,91946404,91946404,1704076403870,False,True
83432359,2088.69000000,0.08990000,91946405,91946405,1704076406112,False,True
83432360,2088.69000000,0.06860000,91946406,91946406,1704076406226,False,True
83432361,2088.94000000,0.05910000,91946407,91946408,1704076496887,False,True
83432362,2089.50000000,0.08700000,91946409,91946409,1704076500010,True,True
83432363,2089.48000000,0.01310000,91946410,91946410,1704076500010,True,True
83432364,2090.04000000,0.08700000,91946411,91946411,1704076551650,True,True
83432365,2089.85000000,0.10090000,91946412,91946412,1704076551650,True,True
83432366,2089.84000000,0.09290000,91946413,91946413,1704076551650,True,True
83432367,2089.97000000,0.03890000,91946414,91946414,1704076568550,True,True
83432368,2088.76000000,0.01310000,91946415,91946415,1704076678645,False,True
83432369,2088.77000000,0.08700000,91946416,91946416,1704076678645,False,True
83432370,2090.16000000,0.00360000,91946417,91946417,1704076695834,False,True
83432371,2090.23000000,0.08470000,91946418,91946418,1704076695834,False,True
83432372,2090.24000000,0.45480000,91946419,91946420,1704076695835,False,True
83432373,2090.24000000,0.00570000,91946421,91946421,1704076695835,False,True
83432374,2090.25000000,0.14520000,91946422,91946422,1704076695836,False,True
83432375,2090.32000000,0.08470000,91946423,91946423,1704076695898,False,True
83432376,2090.34000000,0.48230000,91946424,91946424,1704076695898,False,True
83432377,2090.34000000,0.26880000,91946425,91946425,1704076695899,False,True
83432378,2090.34000000,0.24890000,91946426,91946426,1704076695903,False,True
83432379,2091.09000000,0.00480000,91946427,91946427,1704076700044,False,True
83432380,2090.88000000,0.10060000,91946428,91946428,1704076749870,True,True
83432381,2090.87000000,0.08690000,91946429,91946429,1704076749870,True,True
83432382,2090.50000000,0.01300000,91946430,91946430,1704076786306,True,True
83432383,2090.49000000,0.08570000,91946431,91946431,1704076786306,True,True
83432384,2090.02000000,0.08650000,91946432,91946432,1704076788410,True,True
83432385,2089.86000000,0.00270000,91946433,91946433,1704076789877,False,True
83432386,2088.02000000,0.04350000,91946434,91946434,1704076865672,True,True
83432387,2088.01000000,0.47320000,91946435,91946435,1704076865672,True,True
83432388,2087.91000000,0.10030000,91946436,91946436,1704076865678,True,True
83432389,2087.57000000,0.00440000,91946437,91946437,1704076870922,True,True
83432390,2087.57000000,0.02120000,91946438,91946438,1704076873173,True,True
83432391,2087.57000000,0.00380000,91946439,91946439,1704076876371,True,True
83432392,2086.16000000,0.00630000,91946440,91946440,1704076954054,False,True
83432393,2086.16000000,0.01290000,91946441,91946441,1704076954689,False,True
83432394,2085.92000000,0.00620000,91946442,91946442,1704077110699,False,True
83432395,2085.87000000,0.10060000,91946443,91946443,1704077161819,False,True
83432396,2086.61000000,0.01300000,91946444,91946444,1704077188469,True,True
83432397,2086.60000000,0.02200000,91946445,91946445,1704077188469,True,True
83432398,2085.71000000,0.00650000,91946446,91946446,1704077216165,False,True
83432399,2085.71000000,0.14270000,91946447,91946447,1704077216692,False,True
83432400,2085.42000000,0.01310000,91946448,91946448,1704077252959,False,True
83432401,2085.43000000,0.04080000,91946449,91946449,1704077252959,False,True
83432402,2085.43000000,0.02370000,91946450,91946450,1704077263359,False,True
83432403,2085.44000000,0.01310000,91946451,91946451,1704077306199,True,True
83432404,2085.43000000,0.25840000,91946452,91946452,1704077306199,True,True
83432405,2085.43000000,0.00010000,91946453,91946453,1704077306199,True,True
83432406,2085.18000000,0.01310000,91946454,91946454,1704077310496,False,True
83432407,2085.26000000,0.01280000,91946455,91946455,1704077310496,False,True
83432408,2084.87000000,0.01310000,91946456,91946456,1704077361348,True,True
83432409,2084.86000000,0.05000000,91946457,91946457,1704077361348,True,True
83432410,2084.79000000,0.01380000,91946458,91946458,1704077362846,True,True
83432411,2084.27000000,0.02500000,91946459,91946459,1704077369326,True,True
83432412,2084.19000000,1.00000000,91946460,91946460,1704077369326,True,True
83432413,2084.01000000,0.01250000,91946461,91946461,1704077398619,True,True
83432414,2083.74000000,0.08610000,91946462,91946462,1704077398619,True,True
83432415,2083.73000000,0.01450000,91946463,91946463,1704077398619,True,True
83432416,2083.73000000,0.01260000,91946464,91946464,1704077398619,True,True
83432417,2083.52000000,0.10050000,91946465,91946465,1704077398620,True,True
83432418,2083.51000000,1.43790000,91946466,91946466,1704077398620,True,True
83432419,2083.59000000,0.04410000,91946467,91946467,1704077408053,False,True
83432420,2085.50000000,0.00410000,91946468,91946468,1704077491085,True,True
83432421,2086.25000000,0.00570000,91946469,91946469,1704077505674,False,True
83432422,2086.72000000,0.04220000,91946470,91946470,1704077511063,False,True
83432423,2086.72000000,0.01900000,91946471,91946471,1704077514274,False,True
83432424,2086.36000000,0.00570000,91946472,91946472,1704077536237,True,True
83432425,2086.35000000,0.05890000,91946473,91946473,1704077536237,True,True
83432426,2085.45000000,0.01180000,91946474,91946474,1704077588299,False,True
83432427,2085.44000000,0.01180000,91946475,91946475,1704077588325,False,True
83432428,2085.73000000,0.00430000,91946476,91946476,1704077601215,True,True
83432429,2085.74000000,0.01170000,91946477,91946477,1704077602214,False,True
83432430,2085.74000000,0.03760000,91946478,91946479,1704077602259,False,True
83432431,2085.94000000,0.08710000,91946480,91946480,1704077602259,False,True
83432432,2086.28000000,0.04280000,91946481,91946481,1704077602259,False,True
83432433,2085.86000000,0.00420000,91946482,91946482,1704077603994,True,True
83432434,2086.14000000,0.00400000,91946483,91946483,1704077627435,True,True
83432435,2086.23000000,0.04940000,91946484,91946485,1704077644992,True,True
83432436,2086.22000000,0.07250000,91946486,91946486,1704077644992,True,True
83432437,2085.98000000,0.20080000,91946487,91946488,1704077699062,True,True
83432438,2085.51000000,0.01380000,91946489,91946489,1704077727463,False,True
83432439,2085.85000000,0.08710000,91946490,91946490,1704077762649,False,True
83432440,2086.05000000,0.01020000,91946491,91946491,1704077762649,False,True
83432441,2085.86000000,0.13410000,91946492,91946494,1704077768388,True,True
83432442,2085.12000000,0.19080000,91946495,91946495,1704077787852,False,True
83432443,2085.12000000,0.19080000,91946496,91946496,1704077787852,False,True
83432444,2085.23000000,0.03520000,91946497,91946497,1704077787870,False,True
83432445,2085.19000000,0.03520000,91946498,91946498,1704077787896,False,True
83432446,2085.18000000,0.10990000,91946499,91946499,1704077787961,False,True
83432447,2085.24000000,0.04980000,91946500,91946501,1704077850400,False,True
83432448,2085.63000000,0.01380000,91946502,91946502,1704077886815,True,True
83432449,2085.62000000,0.03980000,91946503,91946503,1704077886815,True,True
83432450,2084.66000000,0.04980000,91946504,91946505,1704077999664,False,True
83432451,2084.69000000,0.08720000,91946506,91946506,1704077999664,False,True
83432452,2084.82000000,0.00440000,91946507,91946507,1704077999664,False,True
83432453,2085.03000000,0.00420000,91946508,91946508,1704077999664,False,True
83432454,2085.10000000,0.02960000,91946509,91946509,1704077999664,False,True
83432455,2084.93000000,0.00450000,91946510,91946510,1704078063110,True,True
83432456,2084.93000000,0.09310000,91946511,91946512,1704078064509,True,True
83432457,2084.59000000,0.04190000,91946513,91946513,1704078082845,True,True
83432458,2084.24000000,0.10010000,91946514,91946514,1704078082845,True,True
83432459,2084.12000000,0.05800000,91946515,91946515,1704078082845,True,True
83432460,2084.13000000,0.00400000,91946516,91946516,1704078104259,False,True
83432461,2084.13000000,0.00980000,91946517,91946517,1704078107235,False,True
83432462,2084.81000000,0.08720000,91946518,91946518,1704078158165,False,True
83432463,2086.08000000,0.01500000,91946519,91946519,1704078243658,True,True
83432464,2086.07000000,0.06290000,91946520,91946520,1704078243658,True,True
83432465,2085.19000000,0.00390000,91946521,91946521,1704078279569,False,True
83432466,2084.94000000,0.00380000,91946522,91946522,1704078284684,False,True
83432467,2084.91000000,0.00400000,91946523,91946523,1704078285247,False,True
83432468,2084.43000000,0.00390000,91946524,91946524,1704078295718,False,True
83432469,2084.43000000,0.00390000,91946525,91946525,1704078295740,False,True
83432470,2084.09000000,0.00640000,91946526,91946526,1704078348070,True,True
83432471,2084.33000000,0.00340000,91946527,91946527,1704078366014,False,True
83432472,2085.23000000,0.00400000,91946528,91946528,1704078419240,True,True
83432473,2084.89000000,0.08720000,91946529,91946529,1704078468842,False,True
83432474,2084.95000000,0.10010000,91946530,91946530,1704078468846,False,True
83432475,2085.26000000,0.08720000,91946531,91946531,1704078468921,False,True
83432476,2086.20000000,0.01500000,91946532,91946532,1704078480784,True,True
83432477,2085.26000000,0.08710000,91946533,91946533,1704078501213,True,True
83432478,2083.04000000,0.07680000,91946534,91946534,1704078586980,True,True
83432479,2082.80000000,0.10040000,91946535,91946535,1704078586981,True,True
83432480,2082.79000000,0.44560000,91946536,91946536,1704078586981,True,True
83432481,2082.78000000,0.02550000,91946537,91946537,1704078586981,True,True
83432482,2082.51000000,1.15310000,91946538,91946538,1704078586983,True,True
83432483,2082.46000000,0.63310000,91946539,91946539,1704078586983,True,True
83432484,2082.37000000,0.00490000,91946540,91946540,1704078588087,False,True
83432485,2082.15000000,0.01500000,91946541,91946541,1704078647944,False,True
83432486,2082.68000000,0.05910000,91946542,91946542,1704078698225,False,True
83432487,2082.96000000,0.01500000,91946543,91946543,1704078706232,True,True
83432488,2082.95000000,0.00890000,91946544,91946544,1704078706232,True,True
83432489,2082.72000000,0.01500000,91946545,91946545,1704078725530,False,True
83432490,2082.70000000,0.57540000,91946546,91946546,1704078726044,False,True
83432491,2082.71000000,0.15720000,91946547,91946547,1704078726044,False,True
83432492,2082.25000000,0.01500000,91946548,91946548,1704078740018,True,True
83432493,2082.24000000,0.05680000,91946549,91946549,1704078740018,True,True
83432494,2082.66000000,0.01500000,91946550,91946550,1704078776880,False,True
83432495,2083.23000000,0.08730000,91946551,91946551,1704078800053,False,True
83432496,2082.85000000,0.01610000,91946552,91946552,1704078804249,True,True
83432497,2082.84000000,0.03510000,91946553,91946553,1704078804249,True,True
83432498,2082.35000000,0.23860000,91946554,91946554,1704078812794,False,True
83432499,2082.19000000,0.19930000,91946555,91946555,1704078813314,False,True
83432500,2082.15000000,0.06120000,91946556,91946556,1704078848941,True,True
83432501,2081.91000000,0.10070000,91946557,91946557,1704078848941,True,True
83432502,2081.77000000,1.40620000,91946558,91946558,1704078848941,True,True
83432503,2081.61000000,0.02300000,91946559,91946559,1704078848942,True,True
83432504,2081.92000000,0.06120000,91946560,91946560,1704078848975,True,True
83432505,2081.32000000,0.10030000,91946561,91946561,1704078851403,True,True
83432506,2081.28000000,0.31000000,91946562,91946564,1704078851404,True,True
83432507,2080.65000000,0.21850000,91946565,91946565,1704078851450,True,True
83432508,2080.63000000,0.78150000,91946566,91946566,1704078851450,True,True
83432509,2080.87000000,0.01610000,91946567,91946567,1704078852914,False,True
83432510,2080.43000000,0.00390000,91946568,91946568,1704078904884,False,True
83432511,2080.43000000,0.08330000,91946569,91946569,1704078904988,False,True
83432512,2080.28000000,0.00390000,91946570,91946570,1704078905148,False,True
83432513,2080.30000000,0.09850000,91946571,91946571,1704078905774,False,True
83432514,2080.30000000,0.04920000,91946572,91946572,1704078905868,False,True
83432515,2080.30000000,0.04920000,91946573,91946573,1704078905890,False,True
83432516,2080.04000000,0.01610000,91946574,91946574,1704078908031,True,True
83432517,2080.03000000,0.04360000,91946575,91946575,1704078908031,True,True
83432518,2079.67000000,1.44180000,91946576,91946576,1704078909054,False,True
83432519,2079.69000000,0.00400000,91946577,91946577,1704078909226,False,True
83432520,2079.22000000,0.00370000,91946578,91946578,1704078913137,False,True
83432521,2079.15000000,0.00400000,91946579,91946579,1704078913411,False,True
83432522,2079.19000000,0.01610000,91946580,91946580,1704078913411,False,True
83432523,2079.20000000,0.08740000,91946581,91946581,1704078913411,False,True
83432524,2079.36000000,0.00440000,91946582,91946582,1704078913411,False,True
83432525,2079.43000000,0.10500000,91946583,91946583,1704078913411,False,True
83432526,2079.17000000,0.08740000,91946584,91946584,1704078961761,False,True
83432527,2079.36000000,0.00380000,91946585,91946585,1704078961761,False,True
83432528,2079.43000000,0.05590000,91946586,91946586,1704078961761,False,True
83432529,2079.26000000,0.01610000,91946587,91946587,1704078970330,True,True
83432530,2079.25000000,0.08740000,91946588,91946588,1704078970330,True,True
83432531,2078.36000000,0.06940000,91946589,91946589,1704079042029,True,True
83432532,2078.12000000,0.16650000,91946590,91946590,1704079058837,True,True
83432533,2077.63000000,0.03470000,91946591,91946591,1704079072459,True,True
83432534,2077.51000000,1.00000000,91946592,91946592,1704079072459,True,True
83432535,2077.80000000,0.01610000,91946593,91946593,1704079100663,False,True
83432536,2077.81000000,0.07140000,91946594,91946594,1704079100663,False,True
83432537,2078.01000000,0.01610000,91946595,91946595,1704079107463,True,True
83432538,2078.00000000,0.05300000,91946596,91946596,1704079107463,True,True
83432539,2078.00000000,0.01920000,91946597,91946597,1704079223982,False,True
83432540,2077.51000000,0.02570000,91946598,91946598,1704079251239,True,True
83432541,2077.17000000,0.03610000,91946599,91946599,1704079258552,True,True
83432542,2077.36000000,0.01610000,91946600,91946600,1704079306155,False,True
83432543,2078.93000000,0.08740000,91946601,91946601,1704079333987,False,True
83432544,2077.88000000,0.04350000,91946602,91946602,1704079353147,True,True
83432545,2077.76000000,0.04010000,91946603,91946603,1704079368720,True,True
83432546,2077.18000000,0.01610000,91946604,91946604,1704079380356,True,True
83432547,2077.17000000,0.00490000,91946605,91946605,1704079380356,True,True
83432548,2076.95000000,0.02000000,91946606,91946606,1704079380853,True,True
83432549,2076.92000000,0.02720000,91946607,91946607,1704079383696,True,True
83432550,2076.44000000,0.00390000,91946608,91946608,1704079383696,True,True
83432551,2076.30000000,0.01990000,91946609,91946609,1704079383696,True,True
83432552,2076.62000000,0.04010000,91946610,91946610,1704079404176,True,True
83432553,2075.33000000,0.01610000,91946611,91946611,1704079440634,False,True
83432554,2075.34000000,0.08760000,91946612,91946612,1704079440634,False,True
83432555,2076.16000000,0.01200000,91946613,91946613,1704079465891,True,True
83432556,2076.05000000,0.04770000,91946614,91946615,1704079474935,False,True
83432557,2076.06000000,0.08450000,91946616,91946616,1704079474935,False,True
83432558,2076.36000000,0.08750000,91946617,91946617,1704079519417,False,True
83432559,2076.75000000,0.01340000,91946618,91946618,1704079562488,True,True
83432560,2075.01000000,0.05730000,91946619,91946620,1704079613161,False,True
83432561,2075.34000000,0.01340000,91946621,91946621,1704079616726,True,True
83432562,2075.33000000,0.08760000,91946622,91946622,1704079616726,True,True
83432563,2075.18000000,0.00370000,91946623,91946623,1704079616726,True,True
83432564,2075.00000000,0.00300000,91946624,91946624,1704079616726,True,True
83432565,2074.97000000,0.00390000,91946625,91946625,1704079616726,True,True
83432566,2074.94000000,0.10080000,91946626,91946626,1704079616726,True,True
83432567,2074.93000000,0.78780000,91946627,91946627,1704079616726,True,True
83432568,2074.88000000,0.08730000,91946628,91946628,1704079642983,True,True
83432569,2074.91000000,0.04930000,91946629,91946630,1704079659909,False,True
83432570,2075.35000000,0.08760000,91946631,91946631,1704079660097,False,True
83432571,2075.13000000,0.00480000,91946632,91946632,1704079736493,True,True
83432572,2075.13000000,0.04880000,91946633,91946634,1704079739396,True,True
83432573,2075.00000000,0.08750000,91946635,91946635,1704079750688,True,True
83432574,2075.00000000,0.03640000,91946636,91946637,1704079751282,True,True
83432575,2074.77000000,0.04010000,91946638,91946638,1704079757047,True,True
83432576,2074.53000000,0.02560000,91946639,91946639,1704079757680,True,True
83432577,2074.27000000,0.01340000,91946640,91946640,1704079760761,False,True
83432578,2074.28000000,0.08760000,91946641,91946641,1704079760761,False,True
83432579,2074.71000000,0.33580000,91946642,91946642,1704079762988,True,True
83432580,2075.53000000,0.07770000,91946643,91946643,1704079789647,True,True
83432581,2075.76000000,0.06900000,91946644,91946644,1704079819350,True,True
83432582,2075.83000000,0.60000000,91946645,91946645,1704079834531,False,True
83432583,2076.46000000,0.02650000,91946646,91946646,1704079835134,True,True
83432584,2076.66000000,0.08750000,91946647,91946647,1704079852557,False,True
83432585,2076.62000000,0.01890000,91946648,91946648,1704079863925,False,True
83432586,2075.25000000,0.08740000,91946649,91946649,1704079875478,True,True
83432587,2075.81000000,0.09480000,91946650,91946650,1704079916467,True,True
83432588,2075.78000000,0.01340000,91946651,91946651,1704079928773,True,True
83432589,2075.77000000,0.03960000,91946652,91946652,1704079928773,True,True
83432590,2074.97000000,0.01340000,91946653,91946653,1704079997298,False,True
83432591,2074.98000000,0.08760000,91946654,91946654,1704079997298,False,True
83432592,2075.15000000,0.01160000,91946655,91946655,1704079997298,False,True
83432593,2074.62000000,0.12190000,91946656,91946657,1704080021018,False,True
83432594,2074.72000000,0.10010000,91946658,91946658,1704080021018,False,True
83432595,2074.89000000,0.15380000,91946659,91946659,1704080021018,False,True
83432596,2074.06000000,0.01480000,91946660,91946660,1704080026248,True,True
83432597,2074.05000000,0.08760000,91946661,91946661,1704080026248,True,True
83432598,2074.01000000,0.10090000,91946662,91946662,1704080026248,True,True
83432599,2074.00000000,1.00650000,91946663,91946664,1704080026248,True,True
83432600,2073.54000000,0.08730000,91946665,91946665,1704080027578,True,True
83432601,2073.52000000,0.01480000,91946666,91946666,1704080029496,False,True
83432602,2073.53000000,0.06040000,91946667,91946667,1704080029496,False,True
83432603,2073.96000000,0.01480000,91946668,91946668,1704080132375,True,True
83432604,2073.95000000,0.07380000,91946669,91946669,1704080132375,True,True
83432605,2073.57000000,1.44650000,91946670,91946670,1704080132377,True,True
83432606,2073.45000000,0.01480000,91946671,91946671,1704080140125,False,True
83432607,2073.46000000,0.08770000,91946672,91946672,1704080140125,False,True
83432608,2075.89000000,0.00570000,91946673,91946673,1704080208363,False,True
83432609,2076.35000000,0.01480000,91946674,91946674,1704080232520,True,True
83432610,2076.34000000,0.08380000,91946675,91946675,1704080232520,True,True
83432611,2075.86000000,0.01450000,91946676,91946676,1704080232752,True,True
83432612,2075.68000000,0.10240000,91946677,91946678,1704080274833,False,True
83432613,2075.14000000,0.01480000,91946679,91946679,1704080297767,True,True
83432614,2075.13000000,0.07840000,91946680,91946680,1704080297767,True,True
83432615,2074.50000000,0.01480000,91946681,91946681,1704080304513,False,True
83432616,2074.51000000,0.08760000,91946682,91946682,1704080304513,False,True
83432617,2072.70000000,0.08310000,91946683,91946683,1704080427366,True,True
83432618,2072.30000000,0.01480000,91946684,91946684,1704080437939,True,True
83432619,2072.29000000,0.04160000,91946685,91946685,1704080437939,True,True
83432620,2071.49000000,0.06100000,91946686,91946687,1704080464194,True,True
83432621,2070.89000000,0.02090000,91946688,91946688,1704080465024,True,True
83432622,2070.88000000,0.40300000,91946689,91946689,1704080465024,True,True
83432623,2070.65000000,0.01480000,91946690,91946690,1704080476517,False,True
83432624,2070.56000000,0.55750000,91946691,91946691,1704080497331,True,True
83432625,2070.57000000,0.01480000,91946692,91946692,1704080498658,True,True
83432626,2070.56000000,0.26440000,91946693,91946693,1704080498658,True,True
83432627,2070.56000000,0.17810000,91946694,91946694,1704080498667,True,True
83432628,2070.56000000,0.01480000,91946695,91946695,1704080508986,False,True
83432629,2070.14000000,0.18810000,91946696,91946697,1704080557430,False,True
83432630,2070.32000000,0.06750000,91946698,91946698,1704080565280,False,True
83432631,2070.13000000,0.05560000,91946699,91946700,1704080602223,True,True
83432632,2070.12000000,0.02730000,91946701,91946701,1704080602223,True,True
83432633,2070.00000000,0.04320000,91946702,91946703,1704080607800,True,True
83432634,2068.94000000,0.11050000,91946704,91946705,1704080616025,True,True
83432635,2068.25000000,0.01390000,91946706,91946706,1704080638440,True,True
83432636,2067.75000000,0.16420000,91946707,91946708,1704080638440,True,True
83432637,2067.75000000,0.01390000,91946709,91946709,1704080638440,True,True
83432638,2067.76000000,0.03880000,91946710,91946710,1704080638568,True,True
83432639,2067.00000000,0.96130000,91946711,91946711,1704080638568,True,True
83432640,2068.19000000,0.08790000,91946712,91946712,1704080640126,False,True
83432641,2068.21000000,0.20010000,91946713,91946714,1704080640126,False,True
83432642,2068.25000000,0.94630000,91946715,91946715,1704080640127,False,True
83432643,2068.25000000,0.24850000,91946716,91946716,1704080640129,False,True
83432644,2068.25000000,0.23130000,91946717,91946717,1704080640138,False,True
83432645,2068.25000000,0.37910000,91946718,91946718,1704080640140,False,True
83432646,2068.25000000,0.38080000,91946719,91946719,1704080640178,False,True
83432647,2068.25000000,0.01540000,91946720,91946720,1704080640564,False,True
83432648,2068.96000000,0.01540000,91946721,91946721,1704080652519,True,True
83432649,2068.95000000,0.16300000,91946722,91946723,1704080652519,True,True
83432650,2069.11000000,1.01540000,91946724,91946725,1704080668226,False,True
83432651,2069.45000000,0.03070000,91946726,91946726,1704080669077,True,True
83432652,2066.32000000,0.02570000,91946727,91946727,1704080767028,True,True
83432653,2065.97000000,0.01540000,91946728,91946728,1704080769146,True,True
83432654,2065.96000000,0.98460000,91946729,91946729,1704080769146,True,True
83432655,2065.96000000,0.01540000,91946730,91946730,1704080769147,True,True
83432656,2065.30000000,0.01330000,91946731,91946731,1704080771309,True,True
83432657,2065.33000000,0.01170000,91946732,91946732,1704080777223,False,True
83432658,2067.71000000,0.00580000,91946733,91946733,1704080850897,False,True
83432659,2067.71000000,0.00960000,91946734,91946734,1704080851739,False,True
83432660,2067.72000000,0.08790000,91946735,91946735,1704080851739,False,True
83432661,2068.59000000,0.01540000,91946736,91946736,1704080874309,True,True
83432662,2068.58000000,0.06070000,91946737,91946737,1704080874309,True,True
83432663,2067.75000000,0.01540000,91946738,91946738,1704080912593,False,True
83432664,2068.75000000,0.07600000,91946739,91946739,1704080950340,False,True
83432665,2068.75000000,0.22250000,91946740,91946740,1704080950342,False,True
83432666,2068.75000000,0.70150000,91946741,91946741,1704080950361,False,True
83432667,2070.59000000,0.02840000,91946742,91946742,1704080981275,True,True
83432668,2070.58000000,0.05500000,91946743,91946744,1704080981275,True,True
83432669,2070.33000000,0.47110000,91946745,91946745,1704080995083,False,True
83432670,2070.66000000,0.05460000,91946746,91946747,1704081024304,True,True
83432671,2069.88000000,0.05740000,91946748,91946749,1704081033852,True,True
83432672,2069.66000000,0.00650000,91946750,91946750,1704081052903,False,True
83432673,2069.65000000,0.01540000,91946751,91946751,1704081055125,False,True
83432674,2069.66000000,0.08130000,91946752,91946752,1704081055125,False,True
83432675,2069.94000000,0.00400000,91946753,91946753,1704081055125,False,True
83432676,2070.00000000,0.10000000,91946754,91946754,1704081055125,False,True
83432677,2070.01000000,0.10030000,91946755,91946755,1704081055125,False,True
83432678,2070.02000000,0.02080000,91946756,91946756,1704081055125,False,True
83432679,2069.91000000,0.08780000,91946757,91946757,1704081057125,False,True
83432680,2069.94000000,0.00410000,91946758,91946758,1704081057125,False,True
83432681,2069.97000000,0.12520000,91946759,91946759,1704081057125,False,True
83432682,2070.01000000,0.10070000,91946760,91946760,1704081057125,False,True
83432683,2070.02000000,0.00390000,91946761,91946761,1704081057125,False,True
83432684,2069.47000000,0.32170000,91946762,91946762,1704081057143,True,True
83432685,2069.39000000,0.04380000,91946763,91946763,1704081057143,True,True
83432686,2069.39000000,0.00010000,91946764,91946764,1704081057144,True,True
83432687,2068.49000000,0.06590000,91946765,91946765,1704081069772,True,True
83432688,2068.33000000,0.01540000,91946766,91946766,1704081069775,True,True
83432689,2068.12000000,1.44890000,91946767,91946767,1704081069775,True,True
83432690,2067.68000000,0.05120000,91946768,91946769,1704081099411,False,True
83432691,2068.06000000,0.08820000,91946770,91946772,1704081106172,True,True
83432692,2068.24000000,0.05160000,91946773,91946774,1704081137432,False,True
83432693,2068.64000000,0.12360000,91946775,91946776,1704081139305,False,True
83432694,2068.86000000,0.10000000,91946777,91946777,1704081139305,False,True
83432695,2068.87000000,0.33630000,91946778,91946778,1704081139305,False,True
83432696,2068.88000000,1.44890000,91946779,91946779,1704081139305,False,True
83432697,2068.92000000,0.02130000,91946780,91946780,1704081139305,False,True
83432698,2068.76000000,0.05540000,91946781,91946782,1704081156923,True,True
83432699,2066.40000000,0.07110000,91946783,91946783,1704081225032,True,True
83432700,2066.39000000,1.00000000,91946784,91946784,1704081229129,True,True
83432701,2066.08000000,0.00920000,91946785,91946785,1704081231934,False,True
83432702,2065.74000000,0.00450000,91946786,91946786,1704081235712,False,True
83432703,2065.47000000,0.01540000,91946787,91946787,1704081318272,False,True
83432704,2065.48000000,0.07250000,91946788,91946788,1704081318272,False,True
83432705,2065.78000000,0.07870000,91946789,91946789,1704081323987,True,True
83432706,2065.77000000,0.52110000,91946790,91946790,1704081323987,True,True
83432707,2067.70000000,0.08790000,91946791,91946791,1704081357123,False,True
83432708,2067.70000000,0.08790000,91946792,91946792,1704081357128,False,True
83432709,2067.72000000,0.01210000,91946793,91946793,1704081357128,False,True
83432710,2067.71000000,0.04710000,91946794,91946794,1704081357213,False,True
83432711,2067.76000000,0.03600000,91946795,91946795,1704081357213,False,True
83432712,2068.83000000,1.00000000,91946796,91946796,1704081383903,False,True
83432713,2068.88000000,0.01370000,91946797,91946797,1704081398746,True,True
83432714,2068.87000000,0.08620000,91946798,91946798,1704081398746,True,True
83432715,2068.87000000,0.00010000,91946799,91946799,1704081398746,True,True
83432716,2068.47000000,0.04960000,91946800,91946801,1704081418640,False,True
83432717,2069.22000000,0.01370000,91946802,91946802,1704081466554,True,True
83432718,2069.21000000,0.08730000,91946803,91946803,1704081466554,True,True
83432719,2069.20000000,0.03980000,91946804,91946804,1704081466554,True,True
83432720,2069.05000000,0.10100000,91946805,91946805,1704081466559,True,True
83432721,2066.46000000,0.00650000,91946806,91946806,1704081496470,False,True
83432722,2066.73000000,0.01370000,91946807,91946807,1704081546694,False,True
83432723,2066.74000000,0.03590000,91946808,91946808,1704081546776,False,True
83432724,2067.10000000,0.21460000,91946809,91946809,1704081548122,False,True
83432725,2067.45000000,0.01370000,91946810,91946810,1704081575393,True,True
83432726,2067.44000000,0.06190000,91946811,91946811,1704081575393,True,True
83432727,2066.97000000,0.01370000,91946812,91946812,1704081590840,False,True
83432728,2066.30000000,0.01370000,91946813,91946813,1704081611958,True,True
83432729,2066.23000000,0.98640000,91946814,91946814,1704081611958,True,True
83432730,2066.23000000,0.01360000,91946815,91946815,1704081611958,True,True
83432731,2066.18000000,0.00650000,91946816,91946816,1704081612440,False,True
83432732,2066.71000000,0.01370000,91946817,91946817,1704081632149,False,True
83432733,2067.70000000,0.05330000,91946818,91946819,1704081663143,True,True
83432734,2067.39000000,0.01370000,91946820,91946820,1704081675461,False,True
83432735,2069.80000000,0.05330000,91946821,91946822,1704081776007,True,True
83432736,2070.06000000,1.04980000,91946823,91946825,1704081825817,False,True
83432737,2070.50000000,0.10000000,91946826,91946826,1704081825843,False,True
83432738,2070.25000000,0.01360000,91946827,91946827,1704081841966,True,True
83432739,2070.26000000,0.10140000,91946828,91946829,1704081849317,False,True
83432740,2070.52000000,0.10060000,91946830,91946830,1704081849317,False,True
83432741,2070.53000000,0.60000000,91946831,91946831,1704081849317,False,True
83432742,2070.56000000,0.69910000,91946832,91946833,1704081849317,False,True
83432743,2070.57000000,0.00450000,91946834,91946834,1704081849317,False,True
83432744,2070.58000000,1.18280000,91946835,91946835,1704081849317,False,True
83432745,2070.67000000,0.10000000,91946836,91946836,1704081849317,False,True
83432746,2070.78000000,0.00430000,91946837,91946837,1704081849317,False,True
83432747,2070.99000000,0.00440000,91946838,91946838,1704081849317,False,True
83432748,2071.11000000,0.90530000,91946839,91946839,1704081849317,False,True
83432749,2071.12000000,3.05500000,91946840,91946840,1704081849317,False,True
83432750,2070.86000000,0.00820000,91946841,91946841,1704081878545,True,True
83432751,2070.83000000,0.01360000,91946842,91946842,1704081888437,True,True
83432752,2070.83000000,0.01360000,91946843,91946844,1704081888461,True,True
83432753,2070.83000000,0.04000000,91946845,91946846,1704081888534,True,True
83432754,2071.08000000,0.00810000,91946847,91946847,1704081914333,True,True
83432755,2071.20000000,0.02640000,91946848,91946848,1704081914712,True,True
83432756,2070.97000000,0.00630000,91946849,91946849,1704081924126,True,True
83432757,2071.59000000,0.11480000,91946850,91946851,1704081988979,False,True
83432758,2071.96000000,0.04000000,91946852,91946852,1704082018162,True,True
83432759,2071.94000000,0.01350000,91946853,91946853,1704082018162,True,True
83432760,2071.58000000,0.12800000,91946854,91946855,1704082020108,True,True
83432761,2071.17000000,0.01380000,91946856,91946856,1704082159757,False,True
83432762,2071.18000000,0.08270000,91946857,91946857,1704082159757,False,True
83432763,2070.98000000,0.05390000,91946858,91946859,1704082185637,True,True
83432764,2070.97000000,0.03380000,91946860,91946860,1704082185637,True,True
83432765,2070.48000000,0.08090000,91946861,91946861,1704082197850,True,True
83432766,2070.43000000,0.00380000,91946862,91946862,1704082197850,True,True
83432767,2070.98000000,0.07670000,91946863,91946863,1704082204892,True,True
83432768,2070.98000000,0.01380000,91946864,91946864,1704082240748,False,True
83432769,2070.99000000,0.03750000,91946865,91946865,1704082240748,False,True
83432770,2070.51000000,0.07300000,91946866,91946867,1704082367365,True,True
83432771,2067.26000000,0.10170000,91946868,91946869,1704082403335,False,True
83432772,2068.45000000,0.29500000,91946870,91946871,1704082413428,True,True
83432773,2067.11000000,0.03680000,91946872,91946872,1704082429059,True,True
83432774,2066.90000000,1.00000000,91946873,91946873,1704082429059,True,True
83432775,2066.70000000,1.08040000,91946874,91946874,1704082429059,True,True
83432776,2065.85000000,0.01780000,91946875,91946875,1704082464296,True,True
83432777,2065.61000000,0.50000000,91946876,91946876,1704082464298,True,True
83432778,2065.72000000,0.08800000,91946877,91946877,1704082477255,False,True
83432779,2065.73000000,0.10050000,91946878,91946878,1704082477255,False,True
83432780,2065.74000000,0.92230000,91946879,91946879,1704082477256,False,True
83432781,2066.51000000,0.08800000,91946880,91946880,1704082477421,False,True
83432782,2066.57000000,0.00450000,91946881,91946881,1704082477421,False,True
83432783,2066.78000000,0.00440000,91946882,91946882,1704082477421,False,True
83432784,2066.82000000,0.00390000,91946883,91946883,1704082477421,False,True
83432785,2066.99000000,0.00410000,91946884,91946884,1704082477421,False,True
83432786,2067.07000000,0.11500000,91946885,91946885,1704082477421,False,True
83432787,2067.46000000,0.01330000,91946886,91946886,1704082512941,True,True
83432788,2067.45000000,0.08790000,91946887,91946887,1704082512941,True,True
83432789,2064.97000000,0.01330000,91946888,91946888,1704082572794,False,True
83432790,2064.98000000,0.08800000,91946889,91946889,1704082572794,False,True
83432791,2065.10000000,0.00380000,91946890,91946890,1704082572794,False,True
83432792,2065.17000000,0.03730000,91946891,91946891,1704082572794,False,True
83432793,2065.29000000,0.01340000,91946892,91946892,1704082585559,True,True
83432794,2065.28000000,0.08800000,91946893,91946893,1704082585559,True,True
83432795,2065.44000000,0.01340000,91946894,91946894,1704082600991,False,True
83432796,2064.83000000,0.06700000,91946895,91946896,1704082697053,True,True
83432797,2064.31000000,0.01340000,91946897,91946897,1704082703248,False,True
83432798,2064.32000000,0.08800000,91946898,91946898,1704082703248,False,True
83432799,2064.19000000,0.05350000,91946899,91946900,1704082727030,True,True
83432800,2064.23000000,0.00380000,91946901,91946901,1704082738906,False,True
83432801,2064.23000000,0.00380000,91946902,91946902,1704082739012,False,True
83432802,2064.23000000,0.00580000,91946903,91946903,1704082741382,False,True
83432803,2064.76000000,0.01340000,91946904,91946904,1704082762802,True,True
83432804,2064.75000000,0.07030000,91946905,91946905,1704082762802,True,True
83432805,2064.36000000,0.01340000,91946906,91946906,1704082766071,False,True
83432806,2064.38000000,0.03570000,91946907,91946907,1704082766071,False,True
83432807,2064.85000000,0.01340000,91946908,91946908,1704082778542,True,True
83432808,2064.84000000,0.00560000,91946909,91946909,1704082778542,True,True
83432809,2063.81000000,0.07310000,91946910,91946911,1704082808191,True,True
83432810,2063.61000000,0.05600000,91946912,91946913,1704082808645,True,True
83432811,2063.60000000,1.00000000,91946914,91946914,1704082808645,True,True
83432812,2063.35000000,0.06730000,91946915,91946916,1704082809669,True,True
83432813,2061.95000000,0.10150000,91946917,91946918,1704082816019,False,True
83432814,2061.95000000,0.89390000,91946919,91946920,1704082816045,False,True
83432815,2061.26000000,0.16790000,91946921,91946921,1704082837473,True,True
83432816,2061.01000000,0.08820000,91946922,91946922,1704082841476,False,True
83432817,2061.59000000,0.07790000,91946923,91946923,1704082842010,False,True
83432818,2061.84000000,0.01340000,91946924,91946924,1704082847340,True,True
83432819,2061.83000000,0.08810000,91946925,91946925,1704082847340,True,True
83432820,2061.07000000,0.01340000,91946926,91946926,1704082854506,False,True
83432821,2061.08000000,0.08300000,91946927,91946927,1704082854506,False,True
83432822,2061.29000000,0.18300000,91946928,91946929,1704082869732,False,True
83432823,2061.39000000,1.00000000,91946930,91946930,1704082870445,False,True
83432824,2061.01000000,0.01340000,91946931,91946931,1704082895151,True,True
83432825,2061.00000000,0.56480000,91946932,91946932,1704082895151,True,True
83432826,2061.00000000,0.33450000,91946933,91946933,1704082895165,True,True
83432827,2061.00000000,0.40810000,91946934,91946934,1704082895245,True,True
83432828,2061.00000000,0.78850000,91946935,91946935,1704082895382,True,True
83432829,2061.00000000,0.40810000,91946936,91946936,1704082895383,True,True
83432830,2060.96000000,0.01430000,91946937,91946937,1704082896030,True,True
83432831,2060.30000000,0.08820000,91946938,91946938,1704082896034,True,True
83432832,2060.16000000,0.01340000,91946939,91946939,1704082909526,False,True
83432833,2060.17000000,0.04410000,91946940,91946940,1704082909526,False,True
83432834,2061.48000000,0.12200000,91946941,91946942,1704082925229,False,True
83432835,2063.04000000,0.01100000,91946943,91946943,1704082981741,False,True
83432836,2063.05000000,0.10000000,91946944,91946944,1704082981741,False,True
83432837,2063.06000000,1.00000000,91946945,91946945,1704082981741,False,True
83432838,2064.41000000,0.06100000,91946946,91946946,1704082996388,True,True
83432839,2064.41000000,0.02700000,91946947,91946947,1704082996438,True,True
83432840,2064.41000000,0.02220000,91946948,91946948,1704082996490,True,True
83432841,2064.41000000,0.06580000,91946949,91946949,1704082996542,True,True
83432842,2064.31000000,0.44060000,91946950,91946951,1704082997776,True,True
83432843,2064.30000000,0.45930000,91946952,91946952,1704082997776,True,True
83432844,2064.88000000,0.22360000,91946953,91946955,1704083039182,False,True
83432845,2065.25000000,0.12400000,91946956,91946957,1704083040905,False,True
83432846,2065.40000000,0.18150000,91946958,91946960,1704083048030,False,True
83432847,2066.44000000,0.02290000,91946961,91946961,1704083058599,False,True
83432848,2066.45000000,0.10000000,91946962,91946962,1704083058599,False,True
83432849,2066.47000000,0.10020000,91946963,91946963,1704083058599,False,True
83432850,2066.43000000,0.22310000,91946964,91946964,1704083058602,False,True
83432851,2066.43000000,0.22310000,91946965,91946965,1704083058602,False,True
83432852,2066.43000000,0.01310000,91946966,91946966,1704083058602,False,True
83432853,2066.71000000,0.00400000,91946967,91946967,1704083058915,True,True
83432854,2065.96000000,0.05510000,91946968,91946969,1704083109242,True,True
83432855,2065.06000000,0.02820000,91946970,91946971,1704083158081,False,True
83432856,2065.07000000,0.03620000,91946972,91946972,1704083158081,False,True
83432857,2065.17000000,0.10000000,91946973,91946973,1704083158130,False,True
83432858,2065.18000000,0.10050000,91946974,91946974,1704083158133,False,True
83432859,2065.69000000,0.10530000,91946975,91946975,1704083160240,True,True
83432860,2065.11000000,0.00710000,91946976,91946976,1704083179419,False,True
83432861,2065.02000000,0.49470000,91946977,91946977,1704083212771,True,True
83432862,2064.39000000,0.14200000,91946978,91946980,1704083241629,False,True
83432863,2064.96000000,0.05600000,91946981,91946981,1704083242532,True,True
83432864,2065.11000000,0.00820000,91946982,91946982,1704083250613,True,True
83432865,2064.83000000,0.03210000,91946983,91946983,1704083337645,False,True
83432866,2064.84000000,0.08650000,91946984,91946984,1704083337645,False,True
83432867,2065.21000000,0.13670000,91946985,91946987,1704083383489,False,True
83432868,2065.39000000,0.10000000,91946988,91946988,1704083492863,False,True
83432869,2066.46000000,0.08790000,91946989,91946989,1704083529539,True,True
83432870,2066.64000000,0.05200000,91946990,91946990,1704083583914,False,True
83432871,2066.64000000,0.03620000,91946991,91946991,1704083584211,False,True
83432872,2066.94000000,1.00000000,91946992,91946992,1704083592532,False,True
83432873,2067.74000000,0.02600000,91946993,91946993,1704083606950,False,True
83432874,2067.80000000,0.04260000,91946994,91946994,1704083606950,False,True
83432875,2067.95000000,0.14510000,91946995,91946997,1704083661963,True,True
83432876,2067.57000000,0.01740000,91946998,91946998,1704083665952,False,True
83432877,2067.58000000,0.15690000,91946999,91947000,1704083665952,False,True
83432878,2067.59000000,0.03590000,91947001,91947001,1704083665952,False,True
83432879,2067.83000000,0.00430000,91947002,91947002,1704083665952,False,True
83432880,2067.91000000,0.10040000,91947003,91947003,1704083665952,False,True
83432881,2068.04000000,0.00420000,91947004,91947004,1704083665952,False,True
83432882,2068.08000000,0.40630000,91947005,91947005,1704083665952,False,True
83432883,2068.78000000,0.12780000,91947006,91947007,1704083831920,True,True
83432884,2068.31000000,0.01740000,91947008,91947008,1704083839725,True,True
83432885,2068.30000000,0.08780000,91947009,91947009,1704083839725,True,True
83432886,2067.67000000,0.00260000,91947010,91947010,1704083875050,False,True
83432887,2067.65000000,0.13830000,91947011,91947013,1704083888816,False,True
83432888,2067.73000000,0.08260000,91947014,91947014,1704083963847,False,True
83432889,2068.53000000,0.01730000,91947015,91947015,1704084020014,True,True
83432890,2068.91000000,0.00380000,91947016,91947016,1704084038299,True,True
83432891,2068.89000000,0.00240000,91947017,91947017,1704084038299,True,True
83432892,2068.56000000,0.05300000,91947018,91947019,1704084091939,False,True
83432893,2068.58000000,0.01730000,91947020,91947020,1704084148222,True,True
83432894,2068.57000000,0.08780000,91947021,91947021,1704084148222,True,True
83432895,2068.01000000,0.10100000,91947022,91947022,1704084165051,False,True
83432896,2068.00000000,0.08790000,91947023,91947023,1704084165055,False,True
83432897,2066.96000000,0.00620000,91947024,91947024,1704084199648,False,True
